2859 4975
287 433 348 520 ηε
527 463 539 484 =
574 436 608 497 e.
633 435 842 500 viriumr
874 435 1063 501 uincet

325 568 433 655 Seque
450 589 613 657 suumque
632 568 730 632 simul
747 565 835 632 flevit
850 566 991 632 erudelis
1010 569 1202 633 alumnum:

370 683 470 748 «Non
488 705 549 771 ego
565 699 598 746 te
615 705 685 766 sera
702 684 799 748 talem
814 685 878 749 sub
896 699 995 747 nocte
1012 683 1180 766 videbam,
1336 706 1359 756 ⁹⁵

327 800 421 863 Sacra
435 797 561 880 ferens,
576 799 755 886 epulasque
771 798 848 879 tibi;
865 820 926 862 nec
944 798 1016 862 talis
1033 799 1137 862 hianti

326 915 422 979 Mella
440 913 575 993 dabam,
593 935 631 976 ae
649 913 769 978 nostris
788 913 954 977 nutribam
971 911 1034 976 fida
1051 915 1195 977 venenis.

327 1030 435 1112 Quam
450 1024 689 1116 gravida'nunc
706 1028 793 1091 mole
807 1027 910 1108 jaces!
934 1049 1033 1115 quam
1055 1028 1162 1116 segnis
1184 1027 1327 1092 inertem
1424 1104 1425 1129 ,

324 1142 434 1207 Fletus
448 1142 563 1207 habet!
585 1163 645 1212 nee
662 1157 694 1206 te
713 1142 844 1224 saltem,
861 1140 1062 1222 miserande,
1077 1142 1214 1229 peremi,

325 1257 399 1320 Heu
414 1278 533 1320 saevum
543 1278 684 1344 ‚passure
700 1255 802 1320 diem!
816 1255 882 1336 jam
900 1255 990 1318 nulla
1001 1253 1125 1318 videbis

325 1371 466 1453 Vellera,
483 1372 572 1435 nulle
587 1386 643 1434 tua
662 1370 820 1460 fulgentia
836 1370 923 1434 dona
942 1371 1005 1434 sub
1022 1369 1150 1433 umbra.
1217 1413 1221 1418 ι

325 1484 413 1549 Cede
431 1485 511 1567 deo,
529 1486 630 1572 inque
648 1485 717 1548 aliis
734 1484 863 1548 senium
881 1505 972 1547 nunc
991 1482 1102 1572 digere
1121 1483 1202 1548 lucis

325 1601 513 1682 Immemor,
526 1622 604 1680 oro,
621 1599 702 1682 mei3
715 1621 777 1662 nec
793 1619 846 1663 me
861 1615 917 1663 tua
933 1597 1026 1661 sibila
1040 1613 1113 1661 toto

324 1717 496 1804 Exagitent
511 1713 628 1778 infesta
642 1712 733 1778 mari.
750 1710 816 1776 Sed
831 1728 869 1776 tu
885 1734 1019 1800 quoque
1037 1727 1188 1793 cunetas,

325 1829 502 1911 AEsonide,
519 1828 647 1892 dimitte
663 1849 787 1908 moras,
805 1843 903 1914 atque
920 1826 1047 1915 effuge,
1071 1829 1172 1916 raptis

324 1946 528 2012 Velleribus:
548 1943 670 2031 patrios
687 1942 824 2006 exstinxi
841 1942 937 2005 noxia
956 1957 1084 2022 tauros3

310 2139 349 2198 94
365 2135 395 2179 Se
410 2144 537 2191 serumque
552 2127 627 2174 simul.
642 2129 734 2173 Borion.
749 2128 760 2172 1
776 2135 800 2173 et
815 2126 846 2173 11.
862 2152 890 2164 -
907 2141 959 2174 roo.
971 2129 1022 2172 Heu
1033 2143 1117 2172 soerum
1124 2143 1223 2190 passure
1235 2128 1307 2175 diem.
1323 2130 1362 2176 Sic

278 2213 332 2260 Ald.
346 2196 411 2257 (im.
424 2213 473 2258 Nec
482 2223 566 2254 soerum
574 2215 672 2269 passura
686 2205 755 2253 dum.
773 2207 865 2266 Botion.
882 2207 936 2252 cod.
955 2208 1046 2253 Borion.
1059 2208 1091 2253 ll.
1105 2209 1148 2255 Noe
1163 2224 1248 2263 soerum
1260 2227 1362 2272 passure

279 2293 347 2338 diem.
359 2293 424 2337 lunt.
433 2290 520 2335 Msser.
531 2287 631 2346 angens.
648 2310 679 2320 -
698 2298 750 2332 roa.
767 2286 827 2331 Cede
836 2285 903 2331 adeo.
916 2287 1007 2333 Bonam
1020 2287 1073 2332 eod.
1085 2289 1176 2334 Bonan.
1190 2290 1201 2333 1
1213 2298 1238 2334 et
1249 2290 1281 2336 11.
1298 2291 1344 2336 En.

315 2479 360 2547 96.
374 2479 453 2527 Sacra
459 2472 548 2540 ferens
567 2469 687 2536 Hecate,
700 2473 797 2537 epulas·
841 2470 962 2535 venisse,
973 2491 1024 2544 pro
1034 2472 1080 2526 illa
1087 2470 1200 2544 joculari
1209 2471 1363 2546 frigidaque

211 2582 215 2593 ¹
281 2553 523 2628 que,pabula,tibr'
535 2551 627 2611 hianti,
643 2548 740 2619 cupide
753 2567 796 2600 ar·
840 2549 1239 2621 interpretatione‚ae‚utvere
1249 2552 1360 2618 dicam,

279 2636 395 2711 ripienti.
415 2638 495 2701 Quam
503 2630 624 2699 gravida,
635 2628 798 2699 gravi,mole
839 2646 916 2702 pene
925 2629 1051 2684 absurda.
1065 2630 1116 2683 En.

253 2780 264 2791 „
274 2722 459 2789 jacesiquam
475 2712 558 2779 segnis
566 2712 648 2780 flatus
667 2712 742 2784 labet
754 2721 797 2776 te,
879 2727 938 2763 100.
959 2715 1012 2761 Heu
1034 2729 1124 2762 samum
1141 2730 1250 2778 passure
1276 2715 1361 2771 diem,
1423 2721 1424 2770 l

279 2816 360 2872 quam
379 2796 450 2849 lente
469 2790 590 2863 spiritum
612 2787 705 2853 ducis,
720 2800 796 2842 antea
840 2807 921 2860 quam
943 2788 1024 2842 tristis
1048 2789 1097 2841 tibi
1120 2790 1221 2841 orietur
1243 2809 1360 2849 aurora,

280 2892 338 2932 tam
352 2872 472 2929 vividum
485 2883 565 2940 atque
579 2868 706 2939 igneum!
842 2888 915 2936 qiusm
937 2872 1007 2921 nulla
1028 2883 1071 2920 ura
1089 2871 1132 2939 sub
1150 2872 1249 2930 umbra,
1267 2871 1315 2923 abs
1335 2884 1364 2922 te

317 2977 361 3033 99.
382 2954 490 3006 Miseret
510 2968 555 3001 me
576 2947 687 3013 tui,·mi
706 2948 796 3009 bone3
841 2947 1015 3011 obumbrata,
1022 2949 1153 3017 fidgmtia
1172 2953 1256 3008 dona,
1273 2948 1361 3001 dona·
1422 3001 1423 3018 ,

282 3026 797 3111 ssdpraeclaretecumagiputes,quod
842 3026 898 3092 ria,
912 3030 1074 3100 ἀναθήματα,
1089 3046 1201 3080 aureum
1211 3028 1364 3093 vellami-
1422 3025 1423 3082 l

279 3121 341 3176 vitae
356 3116 449 3169 saltem
463 3108 636 3183 pepercerim.
653 3138 689 3147 -
706 3108 798 3161 Posset
842 3110 918 3160 debis.
930 3135 964 3146 -
979 3111 1027 3157 Sub
1040 3110 1124 3158 runbra
1139 3107 1174 3160 de
1191 3106 1248 3179 ipsa
1262 3110 1364 3161 arbore

280 3194 442 3272 respondere
456 3190 553 3251 draco,
568 3198 597 3240 ut
608 3184 724 3239 Antonio
733 3185 797 3251 Tul-
842 3204 902 3239 eum
927 3186 1080 3239 Burmamro
1103 3185 1284 3257 intelligimus.
1305 3189 1363 3240 En.
1421 3245 1422 3248 Ἴ

282 3282 348 3345 lius,
361 3273 480 3345 Philipp.
501 3269 540 3331 ΙΙ,
559 3268 592 3321 3:
610 3271 689 3334 Quale
706 3267 797 3341 beufi·
881 3284 941 3318 102.
956 3269 1092 3326 Cededeo,
1108 3266 1168 3318 fatis
1181 3266 1215 3318 ita
1230 3267 1364 3319 constitu·
1421 3313 1422 3330 ,

283 3364 345 3412 rium
359 3370 396 3410 est
403 3380 411 3414 ,-
430 3353 498 3419 quod
510 3363 534 3399 ts
547 3348 692 3399 abstinueris
702 3347 799 3412 nescirit>
842 3355 900 3397 tum
912 3344 1020 3409 eredas,
1032 3348 1109 3412 inque
1118 3348 1176 3397 aliis
1188 3349 1250 3396 lucis
1267 3350 1364 3398 senium
1421 3335 1422 3380 l

284 3444 374 3493 scelere
384 3442 395 3485 l
415 3429 468 3486 Sed
488 3426 586 3481 errarit
606 3424 715 3476 omnino
728 3424 799 3478 Wa·
844 3444 911 3476 nuuc
922 3428 1024 3492 digere,
1036 3424 1120 3476 alium
1129 3424 1178 3477 tibi
1188 3425 1281 3479 lucum
1292 3446 1366 3498 quae·

284 3536 390 3592 gnerus.
404 3508 498 3563 Medea
515 3504 549 3557 de
567 3503 642 3555 luctu
660 3520 691 3555 ac
706 3499 800 3552 dolore
843 3522 888 3564 re,
897 3503 943 3555 ubi
956 3503 1051 3556 seniles
1065 3522 1149 3557 annos
1167 3504 1205 3555 ita
1218 3504 1363 3576 transigas,

282 3598 403 3668 cogitans
424 3587 521 3660 quibus
543 3582 676 3634 afficietur
702 3578 799 3642 draeo,
844 3594 875 3633 ut
895 3581 1050 3653 apresenti
1065 3580 1158 3634 dolore
1174 3582 1297 3635 animum
1312 3584 1368 3636 dil-

285 3676 442 3748 ntprimum
456 3662 606 3734 evigilabit,
621 3678 671 3714 nee
687 3658 801 3730 ‘amplius
846 3661 961 3725 fundas,
975 3660 1111 3713 exhilares.
1419 3653 1421 3715 l

285 3753 383 3811 videbit
408 3742 534 3801 custodiae
556 3759 610 3793 suae
630 3738 801 3792 commissum
885 3743 943 3795 103.
957 3748 1089 3794 Immemor
1100 3736 1160 3802 ulei,
1178 3760 1212 3793 ne
1227 3742 1262 3796 sis
1275 3747 1368 3817 μνησί-

286 3838 384 3893 vellus,
396 3826 539 3881 exclamat:
556 3841 602 3871 ΜΦ
614 3835 638 3871 ⁸⁶
649 3824 736 3871 saltem
749 3830 803 3887 p'er·
846 3844 937 3890 κακος,
947 3832 978 3874 ut
985 3841 1035 3893 per
1043 3830 1131 3874 totum
1140 3838 1216 3873 mare
1226 3822 1311 3875 sibilis
1320 3841 1369 3874 me

286 3919 386 3975 emunt
398 3904 524 3961 acerbum
537 3900 667 3970 effugeres
683 3899 802 3954 dolorem
845 3920 1007 3973 prosequare
1015 3899 1074 3953 tuis.
1419 3902 1420 3948 l

286 3997 334 4069 qui
347 4004 374 4043 te
389 3993 479 4039 manet
495 3999 567 4042 eras,
584 3982 631 4030 deu
645 3999 734 4030 saevum
745 3999 804 4047 pas·
885 3983 944 4035 105.
954 3982 997 4032 Tu
1005 3999 1085 4043 vero,
1096 3980 1176 4032 lason
1187 4020 1195 4045 ,
1206 3994 1312 4031 cunctas
1323 3982 1368 4031 di·

288 4094 343 4129 sure
356 4072 419 4122 diem
430 4070 440 4114 Ι
449 4062 534 4113 Miror
547 4058 620 4111 hunc
635 4076 742 4111 sensum
754 4077 802 4110 na·
847 4064 928 4120 mitte,
948 4078 1059 4130 rumpe,
1082 4078 1173 4111 moras.

287 4170 351 4208 turae
363 4160 389 4201 et
402 4130 542 4197 alfeclibus
553 4152 607 4191 tem
617 4139 686 4191 bene
698 4156 802 4193 accom-
885 4142 945 4191 106.
959 4142 1061 4197 Noxia,
1076 4136 1157 4209 impia
1168 4137 1197 4189 in
1208 4149 1370 4208 parentem,

287 4231 425 4289 modatum
434 4224 574 4294 Wagnero
583 4221 611 4272 in
622 4231 738 4271 mentem
748 4238 803 4271 non
848 4228 937 4269 tauros
947 4219 1003 4287 ejus
1014 4213 1164 4287 compescui
1174 4232 1182 4277 ς
1192 4218 1327 4286 remgerus
1337 4218 1369 4265 in

457 4318 459 4322 .
922 4305 928 4336 ,
1239 4305 1244 4316 .

460 4423 471 4467 i
