2859 4975
312 411 375 477 380
696 411 993 478 CATALOGUS

202 586 204 607 .
303 533 412 622 palmi
429 536 513 600 inter
536 538 737 623 Argonautas
761 551 924 615 recensett,
941 537 1041 621 quern
1064 533 1168 597 lilium
1187 533 1285 613 hujus
1303 535 1375 624 Hip·

305 641 440 732 poloimi
451 640 549 704 t'uisse
563 640 678 722 oredo,
693 657 726 706 et
740 663 861 704 nomen
874 640 925 702 vel
937 640 1024 703 varie
1038 639 1183 726 positum
1188 640 1259 718 ,rel
1273 663 1293 702 a
1305 641 1376 703 scri·

311 745 361 807 bis
387 762 578 832 corruptum
610 769 669 834 per
694 744 927 834 compendium
957 745 1123 831 scripturae
1152 761 1245 832 puto.
1274 745 1374 808 Schol.

310 849 474 938 Euripidis
492 849 533 912 ad
551 851 656 915 Orest.
671 874 717 914 vs.
737 850 776 931 5,
792 851 849 914 ubi
865 866 1002 914 stemma
1018 849 1144 937 Pelopis
1162 849 1284 933 habet,
1300 850 1376 912 inter

314 955 382 1034 ejus
402 953 483 1030 filios
499 957 595 1020 etiam
612 957 710 1022 habet
726 957 949 1045 Hippalmon,
967 978 1064 1044 quem
1081 955 1250 1043 descripsit
1264 957 1331 1018 fere
1342 955 1376 1018 ad

315 1061 453 1124 verbum
467 1064 614 1150 Apostol.
632 1079 715 1126 cent.
738 1063 870 1144 XVlll,
884 1063 974 1152 adag.
993 1087 1012 1149 7
1029 1060 1129 1148 (male
1146 1061 1327 1125 Munkerus
1344 1082 1376 1123 eo

314 1189 452 1230 numero
465 1168 542 1232 citat
556 1170 755 1250 Zenohium,
769 1171 861 1250 cujus
884 1186 1013 1232 tantum
1030 1190 1086 1232 sex
1098 1169 1272 1232 Centurias
1286 1166 1376 1230 edidit

315 1271 498 1360 Schottus).
514 1273 693 1362 Hypalcum
707 1290 801 1338 vocat
816 1273 903 1336 id'em
920 1274 1039 1362 llygin.
1057 1296 1126 1362 cap.
1147 1273 1189 1351 84
1199 1289 1232 1336 et
1242 1295 1298 1360 97.
1312 1273 1377 1358 Hip

311 1375 477 1464 palearum
504 1380 610 1444 Schol.
638 1379 770 1443 Pindari
788 1379 829 1442 ad
845 1380 975 1468 Olymp.
994 1381 1026 1461 l,
1043 1382 1119 1460 ι44;
1133 1378 1191 1443 sed
1205 1378 1376 1443 Munkertu

314 1484 468 1549 omnibus
484 1488 613 1574 praefert
630 1486 885 1574 Hippalcimum:
904 1509 965 1550 nec
980 1486 1061 1549 mihi
1078 1485 1245 1573 displicet3
1263 1507 1336 1548 nam
1352 1500 1377 1546 et

315 1590 380 1654 hoc
397 1614 518 1656 nomen
538 1592 703 1657 Diodorus
721 1594 821 1657 hahet
835 1593 892 1656 lib.
906 1595 964 1675 lV,
976 1617 1048 1682 pag.
1067 1593 1149 1674 188,
1163 1616 1202 1656 ex
1216 1615 1286 1680 quo
1302 1590 1377 1654 aliud

314 1693 399 1759 forte
414 1711 554 1794 plemma·
567 1697 665 1777 hujus
678 1688 873 1787 Argonautae
887 1697 1002 1762 confici
1015 1714 1142 1784 posset,
1154 1713 1192 1759 ut
1204 1720 1275 1760 non
1291 1697 1378 1759 fuerit

316 1802 443 1891 Pelopis
460 1801 563 1881 filius,
578 1803 636 1867 sed
658 1805 760 1885 ltoui,
776 1821 809 1868 et
825 1805 878 1868 ille
894 1805 1012 1884 Boeoti,
1027 1803 1081 1866 hic
1095 1805 1218 1884 Arnas,
1234 1826 1309 1890 quae
1325 1801 1377 1864 lilia

317 1905 403 1971 AEoli
423 1907 574 1989 secundi,
591 1908 643 1970 ille
662 1909 831 1997 Hippotis,
848 1909 904 1995 qui
921 1908 1106 1989 Mimantis,
1124 1925 1157 1970 et
1174 1907 1230 1970 hio
1246 1907 1378 1993 denique

316 2013 403 2076 AEoli
421 2013 536 2100 primi,
554 2037 594 2078 ex
611 2037 677 2102 quo
694 2015 791 2078 etiam
809 2017 906 2078 lason
923 2030 956 2077 et
971 2014 1103 2101 plurimi
1121 2017 1327 2102 Argonautae.
1343 2012 1377 2072 Ut

317 2119 416 2182 fuerit
429 2141 507 2208 ergo
521 2121 714 2200 conjunctus
729 2120 888 2208 sanguine
900 2119 1007 2183 Iasoni
1022 2119 1293 2207 etC1·etheo,qui
1306 2117 1377 2180 lilius

317 2224 414 2288 AEoli.
429 2224 774 2313 Descenderequidem
783 2226 912 2314 longius
924 2226 1010 2287 infra
1019 2240 1167 2312 tempora
1180 2225 1251 2288 haec
1264 2223 1378 2288 videtur

321 2345 456 2394 stemma
486 2330 582 2412 illud,
597 2331 653 2395 sed
683 2347 715 2394 et
738 2331 853 2396 similia
882 2331 1057 2396 habuimus
1085 2331 1119 2393 in
1146 2331 1215 2394 aliis
1233 2353 1240 2394 :
1259 2329 1331 2393 vide
1350 2328 1377 2388 in

318 2437 450 2501 Anoaeo.

363 2672 510 2737 HYLAS.
540 2672 600 2736 Cui
625 2696 689 2735 non
715 2672 818 2735 dictus
840 2672 941 2757 Hylas
963 2674 1069 2758 puer?
1089 2670 1214 2757 vulgari
1239 2668 1324 2732 dicto
1348 2688 1377 2725 ex

319 2778 430 2866 Virgil.
452 2778 569 2868 Georg.
585 2781 650 2860 lll,
664 2781 701 2860 6,
716 2780 907 2860 celebratur,
921 2765 1096 2841 Theoorito
1106 2825 1115 2857 ,
1127 2774 1278 2865 Virgilio,
1292 2772 1377 2860 Apol·

117 2952 124 2965 ,
257 2968 259 2972 .
317 2883 424 2964 lonio,
440 2884 545 2947 Valer.
565 2885 698 2965 Flacco,
717 2884 903 2970 Propertio,
920 2883 1039 2961 Statio,
1055 2897 1088 2945 et
1106 2880 1217 2943 multis
1236 2880 1306 2942 aliis
1323 2897 1377 2939 me

320 3008 482 3071 moratus;
501 2989 574 3053 vide
601 2990 708 3055 Barth.
740 2989 781 3053 ad
810 2991 887 3053 Stat.
911 2988 1014 3053 Theb.
1030 2989 1071 3069 V,
1093 2986 1167 3065 443.
1199 2986 1296 3049 Pater
1322 2983 1377 3060 ejus

319 3097 451 3184 Hygino
470 3095 590 3189 dicitur
610 3096 825 3176 Theodamas,
854 3112 887 3159 et
906 3111 1010 3158 mater
1028 3093 1195 3156 Menodice
1216 3089 1376 3179 Nympha,

241 3230 245 3237 ¹
320 3201 451 3265 Orionis
465 3200 537 3263 filia.
558 3202 605 3263 De
620 3216 711 3288 patre
729 3201 940 3264 consentiunt
953 3200 1049 3262 etiam
1064 3199 1136 3278 alii3
1156 3214 1189 3260 et
1203 3196 1282 3260 inde
1295 3195 1378 3259 Thea

318 3306 507 3371 domantem
520 3307 638 3371 dicitur
652 3307 838 3393 Propertio,
852 3306 907 3369 lib.
921 3306 955 3387 I,
972 3307 1053 3393 eleg.
1071 3327 1130 3384 20,
1149 3305 1181 3369 6.
1198 3302 1377 3366 Scholiastes

319 3414 469 3501 Apollon.
482 3415 517 3493 l,
538 3413 620 3494 231,
640 3411 913 3491 Theodamantis,
937 3410 994 3473 filii
1011 3409 1170 3497 Dryopis,
1188 3408 1292 3471 filium
1305 3403 1377 3468 facit.

285 3588 288 3594 Δ
320 3520 523 3583 Hellanicum
540 3537 649 3583 tamen
668 3520 916 3598 Theomenitem,
931 3516 1184 3580 Theodamantis
1199 3514 1319 3594 lilium,
1332 3532 1378 3597 pa·

321 3642 404 3689 trem
421 3626 525 3689 facere
540 3642 648 3706 notat3
665 3624 722 3687 uhi
736 3642 844 3688 tamen
856 3626 967 3688 Hoelz.
980 3624 1076 3713 legit,
1090 3632 1245 3701 θειομένητι
1258 3629 1311 3682 ἀντὶ
1322 3635 1378 3681 aar

319 3738 450 3812 ὃάμαντος
464 3746 545 3797 καλεῖ.
566 3732 657 3797 ldem
670 3732 779 3797 Schol.
789 3732 830 3795 ad
841 3755 886 3795 vs.
906 3754 999 3818 1207,
1014 3742 1159 3810 Θειομένους
1174 3751 1212 3790 ex
1229 3724 1378 3789 Hellanico

322 3840 464 3925 profert,
477 3840 535 3902 ubi
553 3840 648 3903 etiam
669 3839 771 3901 varias
788 3838 963 3901 sententias
978 3836 1083 3899 affert'.
1097 3834 1284 3898 Antoninus
1298 3830 1378 3894 Libe·

321 3943 378 4007 ral.
397 3968 466 4031 cap.
493 3945 553 4026 26,
588 3945 691 4028 Ceycis
719 3940 821 4005 lilium
847 3942 932 4005 facit.
969 3941 1015 4003 Do
1040 3962 1107 4027 quo
1131 3938 1251 4001 certius
1274 3928 1378 4021 aliquid

323 4064 506 4127 constaret,
530 4048 555 4108 si
574 4062 757 4135 superesset
773 4045 906 4111 Hesiodi
925 4045 1006 4107 liber
1020 4044 1062 4121 de
1075 4052 1172 4111 Κήυκος
1185 4054 1278 4123 γάμῳ,
1296 4056 1378 4125 quenl

316 4154 427 4217 laudat
442 4153 612 4219 Scholiast.
625 4152 779 4240 Apollon.
792 4152 832 4215 ad
849 4153 904 4215 lih.
918 4153 951 4232 Ι,
972 4172 1072 4235 ¹29⁰5
1088 4166 1120 4211 et
1137 4149 1180 4211 ita
1195 4147 1306 4218 fuisset
1319 4164 1379 4207 stn-
