2859 4975
277 366 720 449 'Anconnurmou
750 369 841 433 nrn.
864 369 906 435 x.
1072 374 1134 466 257

110 502 173 566 Seu
182 497 321 588 quando
334 498 369 561 in
383 496 511 586 templis
523 495 659 561 delubra
670 495 803 562 fluentia
821 499 941 566 sudant

110 613 331 703 Sanguineum
348 633 475 693 rorem,
490 611 645 701 astrigero
660 613 712 676 vel
728 613 834 678 clarus
852 615 995 708 Olympo
1098 641 1137 682 sm

111 729 165 793 Sol
180 727 288 793 media
305 725 347 790 de
365 727 439 792 luce
455 727 548 809 silet,
564 726 758 816 radiosaque
776 731 858 796 celat

109 841 266 924 Lumina,
282 855 317 904 et
329 840 510 904 innumeris
526 815 710 929 completur
726 844 853 910 lucidus
869 869 925 912 aer

108 955 294 1038 Sideribus,
313 977 417 1043 quum
432 954 573 1019 Phoebus
590 976 706 1043 equos,
721 959 900 1049 rutilasque
912 963 1085 1055 quadrigas

111 1064 232 1160 Dirigit
247 1069 388 1157 obliquae
403 1089 462 1157 per
477 1089 605 1134 summa
618 1072 786 1136 cacumina
804 1093 905 1140 zonae.

20 1251 22 1256 ,
152 1183 219 1249 Sed
236 1199 411 1273 postquam
428 1185 527 1273 longo
545 1199 712 1273 serpentes
727 1189 857 1252 tramite
874 1190 917 1255 ad
930 1214 1022 1257 oram
1099 1212 1138 1252 aas
1214 1256 1218 1266 ,

109 1298 283 1364 Venerunt
296 1281 434 1388 Minyae,
450 1313 633 1362 nocturnus
649 1316 682 1364 et
697 1316 781 1366 astra
796 1303 928 1370 reduxit

108 1414 293 1501 Hesperus,
308 1413 465 1502 amplexu*
476 1414 595 1478 misero
610 1433 677 1502 per
686 1429 802 1480 mutua
817 1418 921 1483 vinela

110 1528 290 1594 Flebilibus
305 1529 358 1618 pia
373 1529 455 1594 colla
474 1545 629 1617 premunt
642 1529 809 1614 affatibus,
819 1549 887 1598 atra

108 1643 207 1708 Veste
224 1657 322 1732 caput
338 1643 431 1725 tecti,
446 1663 507 1706 uec
525 1657 621 1707 nocte
642 1641 733 1708 dieve
750 1645 895 1711 levamen

107 1757 303 1847 Agnoscunt
319 1757 412 1839 fessi,
432 1773 532 1845 atque
546 1758 680 1845 inopes,
697 1775 796 1847 atque
813 1761 963 1826 omniurn
976 1765 1071 1853 egeni
1099 1785 1138 1823 ιω

110 1871 279 1937 Delituere
297 1873 369 1936 neci
386 1872 543 1960 expositi,
560 1872 756 1960 farnulaeque
768 1874 907 1939 vicissim

107 1985 278 2068 liubatae,
299 1985 394 2050 uxori
413 1985 511 2050 simul
527 1985 724 2075 adgemuere
743 1988 869 2075 Cyteae:

107 2101 287 2191 Implumes
303 2100 406 2165 veluti
421 2083 578 2164 labuntur
594 2101 717 2165 vertice
734 2104 856 2166 summi

109 2218 227 2300 Quum
243 2217 392 2280 volueres
408 2213 552 2303 scopuli,
570 2214 759 2278 miserabilis
776 2210 881 2280 adstat
894 2235 989 2282 acute

106 2331 213 2396 Mater
227 2330 294 2395 avis
312 2331 481 2419 clangens,
497 2329 665 2417 passisque
681 2321 867 2417 supervolat
882 2332 949 2397 alis.
1099 2354 1136 2392 ³2⁵

105 2448 217 2513 Litore
233 2467 294 2511 eeu
310 2443 449 2534 pulchro
463 2443 586 2509 Pactoli
601 2442 709 2509 divitis
726 2445 806 2510 olim
896 2458 900 2465 '

105 2560 229 2627 Fundit
245 2559 317 2625 olor
331 2557 501 2648 praedulce,
510 2558 611 2637 melos
618 2592 629 2639 1,
647 2574 761 2648 stagna
776 2561 850 2625 Asia
866 2562 1008 2647 circum,

106 2673 308 2761 Eridanique
320 2672 425 2753 lacus,
440 2688 473 2735 et
488 2670 595 2735 dulcia
608 2689 701 2760 prata
717 2675 840 2761 Caystri
858 2699 866 2740 ε
920 2666 926 2691 ’

106 2788 161 2853 sic
176 2788 296 2876 Minyae
313 2786 402 2851 fulvo
415 2801 586 2873 turpantes
602 2782 737 2873 pulvere
752 2788 875 2871 crines,

108 2906 281 2967 lnsornnes
303 2899 428 2965 miseris
448 2897 569 2963 flebant
585 2922 643 2965 sua
657 2903 730 2965 ⁴fata
746 2904 896 2989 querelis,
1098 2924 1137 2965 sse

154 3015 246 3079 llicet
261 3012 388 3079 assidua
404 3012 545 3077 coniecti
562 3014 636 3079 tabe
650 3014 811 3102 perissent

109 3130 235 3220 Ignoti,
259 3144 345 3194 terra
360 3128 487 3217 ignota,
505 3127 576 3191 sine
590 3126 720 3191 honore
735 3129 891 3216 sepulcri,

108 3244 268 3309 Sollicitos
284 3242 432 3311 miserata
445 3242 554 3306 forent
570 3241 633 3305 nisi
651 3242 804 3323 numina,
821 3245 938 3331 apricoe
998 3266 1001 3271 ·

108 3354 267 3422 Custodes
284 3355 458 3443 Libyaeque
471 3354 555 3439 deae3
571 3378 644 3445 quae
659 3357 780 3421 vertice
797 3359 965 3444 quondam

109 3469 236 3534 Pallada
250 3486 440 3557 surgentem
457 3470 578 3558 patrio,
599 3471 745 3536 Tritonis
759 3472 794 3535 in
814 3473 912 3539 undis
1098 3497 1135 3536 sss

109 3584 239 3666 Obvius,
267 3582 402 3649 adorato
425 3583 573 3649 iecerunt
588 3586 725 3649 numine
744 3609 878 3652 numen.

110 3699 166 3764 Sol
183 3698 289 3763 media
305 3719 405 3786 super
421 3698 483 3763 alta
497 3697 551 3763 die
567 3720 711 3763 convexa
730 3699 864 3763 tenebat

30 3790 40 3811 ⁶
111 3814 249 3903 lgneus,
264 3827 298 3879 et
313 3812 422 3901 libyae
437 3813 632 3878 contristans
650 3812 775 3877 lumine
791 3812 872 3877 laevo

110 3928 200 3993 Litus
214 3949 389 3994 arenosum
406 3927 521 3993 insano
538 3926 750 3993 succenderat
766 3926 833 4015 igni
847 3952 855 4007 5

179 4042 221 4107 II.
968 4066 1005 4130 ι7
