2859 4975
266 421 332 500 346
478 427 481 434 ⁴
652 422 953 488 curutoGns
1061 465 1069 481 .

169 612 175 628 ,
210 543 212 558 “
269 543 368 608 tradit
384 545 592 632 Apollonius,
607 563 642 612 et
655 545 733 609 Bias
757 562 848 634 pater
862 569 919 609 rex
935 547 997 608 tuit
1010 545 1226 634 Argivorum:
1241 567 1341 634 quare

265 646 452 714 confudisse
476 651 607 741 Orphea
635 652 751 735 credo,
764 653 840 740 quia
865 654 985 741 legerat
1008 652 1092 748 forte
1107 653 1194 716 Talai
1216 667 1341 741 patrem

265 755 364 818 fuisse
378 755 554 837 Abantem,
564 755 667 820 filium
677 759 811 842 Lyncei,
829 773 867 821 ut
882 758 981 820 refert
994 756 1102 821 Schol.
1115 756 1210 822 Piud.
1223 757 1266 820 ad
1279 758 1340 840 Od

193 919 195 930 ,
266 862 550 950 V111‚Pyth.77;
577 861 634 926 sed
649 863 703 927 ille
719 865 862 950 Lynceus
869 908 880 942 ,
900 862 1047 927 diversus
1069 862 1113 926 nb>
1133 865 1341 952 Argonauta,

264 964 327 1028 fuit
337 967 597 1054 Hypermnestroe
609 968 759 1049 maritus,
770 965 854 1030 filius
866 967 1018 1056 AEgypti,
1036 965 1128 1047 cujus
1139 965 1225 1035 filius
1237 969 1340 1049 Abas,

182 1093 194 1118 κ
268 1093 369 1158 nepos
388 1071 530 1152 Tarann-
544 1071 618 1137 vide
641 1074 780 1137 Pausan.
800 1073 857 1137 lib.
879 1075 929 1156 ll,
944 1097 1013 1161 cap.
1036 1074 1095 1154 26,
1112 1091 1146 1137 et
1165 1075 1216 1155 X,
1233 1072 1294 1154 35,
1308 1092 1341 1138 et

267 1177 375 1242 Schol.
393 1179 506 1268 Eurip.
524 1181 558 1242 in
571 1181 698 1258 Hecub,
716 1180 793 1245 886.
806 1180 898 1244 nlius
913 1179 1010 1244 etiam
1023 1179 1118 1244 Abas'
1128 1180 1191 1244 fuit
1205 1179 1339 1244 Melam·

257 1273 466 1370 podr'sfilius,
479 1284 535 1372 qui
555 1287 652 1350 etiarn
666 1286 880 1371 Amythaonis
899 1285 984 1350 fitius
999 1286 1078 1366 fuit,
1090 1302 1123 1350 et
1135 1288 1234 1350 frater
1245 1286 1340 1350 Bian-

264 1391 319 1468 tis,
333 1406 371 1452 ut
386 1389 493 1454 Schol.
507 1390 691 1478 Apollonii,
705 1393 740 1472 1,
757 1390 836 1471 1433
850 1413 933 1477 quos
950 1389 1141 1454 confudisse
1157 1391 1266 1477 potuit
1285 1393 1340 1454 01·-

269 1496 390 1582 pheus,
407 1511 440 1560 et
455 1513 513 1584 per
531 1519 674 1561 errorem
685 1497 890 1560 Abannadus
899 1519 1029 1561 vocasse
1048 1520 1087 1561 ex
1105 1497 1217 1560 Biante
1236 1513 1338 1561 natos.

264 1601 322 1664 [tle
336 1625 414 1665 vero
422 1602 517 1683 Abas,
529 1602 744 1691 Melampodis
757 1601 854 1684 filius,
873 1602 938 1666 hoc
952 1623 1074 1666 nomeu
1086 1601 1203 1665 babuit
1218 1625 1259 1666 ex
1276 1601 1338 1664 alio

264 1707 411 1788 Abante,
430 1707 527 1772 Proeti
551 1725 661 1796 patre;
676 1731 752 1772 narn
776 1709 978 1795 Melampus,
995 1732 1098 1796 quum
1120 1707 1277 1779 Proetidas
1300 1708 1340 1771 ab

265 1811 392 1876 insanin
410 1813 592 1896 liberasset,
609 1837 707 1877 unam
732 1837 771 1878 ex
791 1813 854 1878 illis
869 1802 972 1877 'duxit
986 1836 1141 1896 uxorem,
1155 1831 1188 1878 et
1206 1837 1340 1878 consors
1417 1868 1422 1896 4

265 1919 358 2006 regni
386 1922 488 1982 factus
514 1935 563 1983 est
584 1942 601 1983 a
625 1920 752 2003 Proet03
765 1919 832 1984 vid.
856 1920 964 1984 Lutat.
990 1918 1032 1983 ad
1056 1921 1136 1985 Stat.
1149 1920 1255 1985 Theb.
1275 1922 1340 2000 111,

264 2015 337 2100 2552.
361 2023 425 2088 Sed
438 2024 640 2088 verisimilius
659 2041 767 2090 tamen
790 2025 887 2089 credo
902 2026 1034 2114 Orphea
1053 2027 1125 2090 illos
1144 2044 1339 2114 sequutum,

265 2130 321 2218 qui
333 2131 546 2228 {mytltaonis
561 2153 695 2194 uxorem
710 2131 859 2194 fecerunt
872 2130 1053 2212 idomenen,
1072 2133 1208 2196 Abantis
1224 2131 1339 2211 filiam,

267 2235 462 2323 utApollod.
478 2236 532 2301 lib.
548 2238 597 2317 11,
617 2259 686 2323 rap.
701 2259 761 2316 11,
784 2247 799 2312 §
825 2258 861 2318 2,
887 2236 962 2299 licet
979 2236 1066 2323 ipse,
1085 2237 1142 2302 lib.
1158 2240 1195 2317 1,
1210 2260 1283 2325 cap.
1298 2259 1340 2322 9,

265 2351 282 2423 5
303 2365 441 2423 1·1,eam
462 2363 538 2406 euru
559 2343 691 2430 reliquis
705 2342 852 2408 Pheretis
869 2341 966 2406 filiam
984 2341 1084 2425 dicat3
1101 2345 1145 2408 ita
1161 2361 1199 2407 ut
1212 2344 1255 2406 ab
1272 2343 1338 2406 avia

266 2465 366 2515 matre
385 2449 521 2533 Biantis,
538 2473 611 2537 queo
629 2450 763 2515 Abantis
789 2465 858 2513 erat
874 2447 956 2532 filia,
971 2449 1175 2515 Abantiadas
1197 2450 1339 2539 potuerit

265 2580 389 2622 vocure.
415 2558 519 2621 Mater
543 2558 663 2621 horum
690 2558 829 2623 fratrum
855 2557 919 2621 fuit
940 2558 1041 2637 Pero,
1067 2558 1215 2623 Nestoris
1235 2582 1339 2639 soror,

264 2664 355 2727 Nelei
374 2662 454 2744 filia,
466 2664 521 2751 qui
537 2688 576 2729 ex
585 2665 693 2753 Tyro,
709 2660 771 2727 fitia
788 2664 962 2746 Salmonei,
980 2666 1038 2751 qui
1048 2665 1138 2729 AEoli
1151 2664 1237 2727 fitius
1257 2680 1338 2744 emt,

264 2768 499 2853 descendebat3
512 2773 585 2836 vide
606 2773 639 2834 in
664 2772 776 2835 Nelea.
802 2773 1003 2853 Quumvero
1023 2772 1156 2834 mirarer
1173 2772 1338 2834 Valerium
1371 2793 1384 2827 τ,

266 2878 363 2957 hujus
384 2880 580 2965 Argonautae
597 2900 663 2940 nou
682 2876 882 2958 meminisse,
895 2875 1011 2941 incidit
1027 2878 1170 2965 suspioio
1186 2878 1287 2955 latere
1305 2877 1337 2937 in

267 2984 340 3062 ino,
358 2983 415 3045 m.
430 2986 522 3064 1‚vs.
539 2980 621 3047 358:

369 3140 467 3193 Nititur
476 3141 540 3193 hinc
548 3141 660 3206 Talaus,
671 3140 814 3212 fratrisque
826 3138 965 3192 Leodocus
978 3150 1054 3209 urget

369 3231 452 3281 Remo
464 3242 536 3301 terga
548 3228 602 3294 sui,
615 3246 682 3300 quos
693 3226 784 3280 nobile
794 3226 907 3279 contulit
918 3228 1019 3297 Argoet

262 3401 299 3449 ut
302 3384 417 3469 frater
427 3385 480 3449 ille
492 3384 591 3448 suerit
602 3384 715 3447 tertius
728 3383 861 3459 Areias,
871 3397 903 3444 et
915 3380 960 3443 itu
969 3402 1102 3443 censere
1115 3378 1275 3465 quosdam
1292 3381 1338 3442 ait

262 3490 354 3572 Pius,
372 3492 428 3579 qui
455 3508 563 3555 tamen
582 3489 702 3569 rejicit,
719 3487 795 3574 quin
820 3486 1013 3570 nominatim
1029 3484 1190 3564 Valerius,
1209 3501 1249 3549 ut
1264 3508 1334 3547 mos

261 3596 323 3683 ipsi
349 3613 417 3679 est,
443 3619 524 3678 eum·
543 3618 610 3659 non
633 3607 806 3658 recenset:
832 3614 932 3679 quare
956 3591 1021 3655 hoo
1047 3592 1081 3654 in
1109 3589 1218 3655 medio
1238 3590 1336 3653 reliu-

263 3703 404 3789 quimus.

304 3882 456 3947 ARGUS.
480 3880 552 3947 Hoc
579 3881 712 3944 nornine
734 3878 801 3943 duo
817 3892 996 3960 occurrunt
1012 3876 1108 3938 uobis
1121 3877 1332 3963 Argonautae,
1423 3917 1424 3938 1

260 4012 344 4077 saepe
364 3988 450 4050 inter
471 4008 504 4048 se
533 3986 678 4066 confusi,
708 4006 791 4071 quos
817 3982 1017 4070 distinguere
1042 4002 1103 4041 nos
1133 3975 1336 4041 conabimur.

259 4094 392 4158 Primus
410 4098 459 4155 est
478 4090 596 4153 nobilis
620 4090 672 4153 ille
690 4089 862 4152 fabricator
883 4088 990 4172 navis,
1011 4108 1083 4173 quae
1106 4108 1145 4147 ex
1176 4106 1337 4171 quorum·

259 4200 332 4263 dum
349 4199 503 4286 opinione
519 4196 559 4261 ab
577 4218 616 4259 eo
633 4196 724 4281 Argo
737 4195 799 4263 fuit
816 4193 922 4276 dieta5
939 4192 997 4280 qui
1014 4192 1053 4255 ab
1067 4188 1240 4272 omnibus,
1257 4212 1338 4276 prte-
