<?xml version="1.0" encoding="UTF-8"?>
<!DOCTYPE html PUBLIC "-//W3C//DTD XHTML 1.0 Transitional//EN"
    "http://www.w3.org/TR/xhtml1/DTD/xhtml1-transitional.dtd">
<html xmlns="http://www.w3.org/1999/xhtml" xml:lang="en" lang="en">
 <head>
  <title>
</title>
<meta http-equiv="Content-Type" content="text/html;charset=utf-8" />
  <meta name='ocr-system' content='tesseract 3.04.00' />
  <meta name='ocr-capabilities' content='ocr_page ocr_carea ocr_par ocr_line ocrx_word'/>
</head>
<body>
  <div class='ocr_page' id='page_1' title='image "bibliothecaclas119lemagoog_0245.png"; bbox 0 0 2859 4975; ppageno 0'>
   <div class='ocr_carea' id='block_1_1' title="bbox 305 375 1155 460">
    <p class='ocr_par' dir='ltr' id='par_1_1' title="bbox 305 375 1155 460">
     <span class='ocr_line' id='line_1_1' title="bbox 305 375 1155 460; baseline 0.001 -22"><span class='ocrx_word' id='word_1_1' title='bbox 305 376 714 460; x_wconf 86' lang='lat' dir='ltr'><strong>ARGONAUTICON,</strong></span> <span class='ocrx_word' id='word_1_2' title='bbox 747 378 834 443; x_wconf 77' lang='lat' dir='ltr'><strong>tle.</strong></span> <span class='ocrx_word' id='word_1_3' title='bbox 858 378 921 442; x_wconf 85' lang='lat' dir='ltr'><strong>lx.</strong></span> <span class='ocrx_word' id='word_1_4' title='bbox 1095 375 1155 440; x_wconf 82' lang='lat'><strong>231</strong></span> 
     </span>
    </p>
   </div>
   <div class='ocr_carea' id='block_1_2' title="bbox 132 507 869 600">
    <p class='ocr_par' dir='ltr' id='par_1_2' title="bbox 132 507 869 600">
     <span class='ocr_line' id='line_1_2' title="bbox 132 507 869 600; baseline 0.001 -29"><span class='ocrx_word' id='word_1_5' title='bbox 132 507 256 574; x_wconf 88' lang='lat' dir='ltr'><strong>lucidat</strong></span> <span class='ocrx_word' id='word_1_6' title='bbox 273 509 307 572; x_wconf 91' lang='lat' dir='ltr'><strong>in</strong></span> <span class='ocrx_word' id='word_1_7' title='bbox 324 508 438 573; x_wconf 88' lang='lat' dir='ltr'>Circen</span> <span class='ocrx_word' id='word_1_8' title='bbox 456 509 562 574; x_wconf 91' lang='lat' dir='ltr'><strong>donec</strong></span> <span class='ocrx_word' id='word_1_9' title='bbox 576 510 723 600; x_wconf 67' lang='lat' dir='ltr'><strong>Pagasaea</strong></span> <span class='ocrx_word' id='word_1_10' title='bbox 743 510 869 586; x_wconf 86' lang='lat' dir='ltr'><strong>carina,</strong></span> 
     </span>
    </p>
   </div>
   <div class='ocr_carea' id='block_1_3' title="bbox 129 624 1010 946">
    <p class='ocr_par' dir='ltr' id='par_1_3' title="bbox 129 624 1010 946">
     <span class='ocr_line' id='line_1_3' title="bbox 133 624 1010 720; baseline 0 -33"><span class='ocrx_word' id='word_1_11' title='bbox 133 624 300 688; x_wconf 82' lang='lat' dir='ltr'><strong>barbarica</strong></span> <span class='ocrx_word' id='word_1_12' title='bbox 318 625 435 689; x_wconf 86' lang='lat' dir='ltr'><strong>Circen</strong></span> <span class='ocrx_word' id='word_1_13' title='bbox 455 625 552 691; x_wconf 82' lang='lat' dir='ltr'><strong>Persa</strong></span> <span class='ocrx_word' id='word_1_14' title='bbox 565 641 664 720; x_wconf 84' lang='lat' dir='ltr'><strong>atque</strong></span> <span class='ocrx_word' id='word_1_15' title='bbox 679 626 869 714; x_wconf 85' lang='lat' dir='ltr'><strong>Hyperione</strong></span> <span class='ocrx_word' id='word_1_16' title='bbox 891 638 1010 688; x_wconf 83' lang='lat' dir='ltr'><strong>natam.</strong></span> 
     </span>
     <span class='ocr_line' id='line_1_4' title="bbox 172 738 935 830; baseline -0.001 -27"><span class='ocrx_word' id='word_1_17' title='bbox 172 738 224 803; x_wconf 86' lang='lat' dir='ltr'><strong>Sic</strong></span> <span class='ocrx_word' id='word_1_18' title='bbox 239 739 313 802; x_wconf 84' lang='lat' dir='ltr'><strong>visae</strong></span> <span class='ocrx_word' id='word_1_19' title='bbox 329 739 450 828; x_wconf 82' lang='lat' dir='ltr'>Minyis</span> <span class='ocrx_word' id='word_1_20' title='bbox 468 738 591 830; x_wconf 24' lang='lat' dir='ltr'><strong>tabulae·</strong></span> <span class='ocrx_word' id='word_1_21' title='bbox 601 762 754 804; x_wconf 88' lang='lat' dir='ltr'><strong>resonare</strong></span> <span class='ocrx_word' id='word_1_22' title='bbox 771 741 935 827; x_wconf 78' lang='lat' dir='ltr'><strong>loquaces.</strong></span> 
     </span>
     <span class='ocr_line' id='line_1_5' title="bbox 129 847 1001 946; baseline 0.001 -30"><span class='ocrx_word' id='word_1_23' title='bbox 129 853 321 942; x_wconf 75' lang='lat' dir='ltr'><strong>Tyndarida·</strong></span> <span class='ocrx_word' id='word_1_24' title='bbox 337 869 485 919; x_wconf 90' lang='lat' dir='ltr'><strong>actutum</strong></span> <span class='ocrx_word' id='word_1_25' title='bbox 504 847 661 946; x_wconf 85' lang='lat' dir='ltr'><strong>surgunt,</strong></span> <span class='ocrx_word' id='word_1_26' title='bbox 677 871 710 920; x_wconf 89' lang='lat' dir='ltr'><strong>et</strong></span> <span class='ocrx_word' id='word_1_27' title='bbox 726 855 874 943; x_wconf 77' lang='lat' dir='ltr'><strong>supplice</strong></span> <span class='ocrx_word' id='word_1_28' title='bbox 889 853 1001 918; x_wconf 82' lang='lat' dir='ltr'><strong>dextra</strong></span> 
     </span>
    </p>
   </div>
   <div class='ocr_carea' id='block_1_4' title="bbox 81 969 1160 4173">
    <p class='ocr_par' dir='ltr' id='par_1_4' title="bbox 81 969 1160 4173">
     <span class='ocr_line' id='line_1_6' title="bbox 129 969 981 1060; baseline 0 -28"><span class='ocrx_word' id='word_1_29' title='bbox 129 969 326 1057; x_wconf 89' lang='lat' dir='ltr'><strong>Concipiunt</strong></span> <span class='ocrx_word' id='word_1_30' title='bbox 339 970 392 1058; x_wconf 90' lang='lat' dir='ltr'><strong>pia</strong></span> <span class='ocrx_word' id='word_1_31' title='bbox 404 971 502 1034; x_wconf 80' lang='lat' dir='ltr'><strong>verba</strong></span> <span class='ocrx_word' id='word_1_32' title='bbox 519 970 604 1060; x_wconf 82' lang='lat' dir='ltr'><strong>deis,</strong></span> <span class='ocrx_word' id='word_1_33' title='bbox 619 969 673 1059; x_wconf 89' lang='lat' dir='ltr'><strong>pia</strong></span> <span class='ocrx_word' id='word_1_34' title='bbox 687 987 761 1034; x_wconf 91' lang='lat' dir='ltr'><strong>tura</strong></span> <span class='ocrx_word' id='word_1_35' title='bbox 775 970 981 1051; x_wconf 89' lang='lat' dir='ltr'><strong>ministraut;</strong></span> 
     </span>
     <span class='ocr_line' id='line_1_7' title="bbox 128 1085 839 1175; baseline 0.001 -26"><span class='ocrx_word' id='word_1_36' title='bbox 128 1087 186 1149; x_wconf 84' lang='lat' dir='ltr'><strong>Ast</strong></span> <span class='ocrx_word' id='word_1_37' title='bbox 203 1085 257 1149; x_wconf 90' lang='lat' dir='ltr'><strong>alii</strong></span> <span class='ocrx_word' id='word_1_38' title='bbox 270 1086 386 1150; x_wconf 89' lang='lat' dir='ltr'><strong>heroes</strong></span> <span class='ocrx_word' id='word_1_39' title='bbox 401 1085 538 1175; x_wconf 88' lang='lat' dir='ltr'><strong>suspiria</strong></span> <span class='ocrx_word' id='word_1_40' title='bbox 555 1101 687 1175; x_wconf 86' lang='lat' dir='ltr'><strong>pectore</strong></span> <span class='ocrx_word' id='word_1_41' title='bbox 701 1086 839 1151; x_wconf 91' lang='lat' dir='ltr'><strong>ducunt.</strong></span> 
     </span>
     <span class='ocr_line' id='line_1_8' title="bbox 170 1200 916 1290; baseline 0 -28"><span class='ocrx_word' id='word_1_42' title='bbox 170 1200 313 1265; x_wconf 83' lang='lat' dir='ltr'><strong>Ulterius</strong></span> <span class='ocrx_word' id='word_1_43' title='bbox 327 1223 466 1290; x_wconf 83' lang='lat' dir='ltr'>propere</span> <span class='ocrx_word' id='word_1_44' title='bbox 483 1201 562 1266; x_wconf 86' lang='lat' dir='ltr'><strong>velis</strong></span> <span class='ocrx_word' id='word_1_45' title='bbox 584 1200 791 1289; x_wconf 85' lang='lat' dir='ltr'><strong>protruditur</strong></span> <span class='ocrx_word' id='word_1_46' title='bbox 807 1202 916 1289; x_wconf 88' lang='lat' dir='ltr'><strong>Argo,</strong></span> 
     </span>
     <span class='ocr_line' id='line_1_9' title="bbox 128 1312 1003 1406; baseline -0.001 -28"><span class='ocrx_word' id='word_1_47' title='bbox 128 1316 242 1380; x_wconf 88' lang='lat' dir='ltr'><strong>Donec</strong></span> <span class='ocrx_word' id='word_1_48' title='bbox 257 1315 293 1378; x_wconf 94' lang='lat' dir='ltr'><strong>in</strong></span> <span class='ocrx_word' id='word_1_49' title='bbox 307 1314 440 1378; x_wconf 89' lang='lat' dir='ltr'><strong>Eridani</strong></span> <span class='ocrx_word' id='word_1_50' title='bbox 455 1315 588 1380; x_wconf 89' lang='lat' dir='ltr'><strong>taudem</strong></span> <span class='ocrx_word' id='word_1_51' title='bbox 608 1329 789 1406; x_wconf 85' lang='lat' dir='ltr'><strong>transvecta</strong></span> <span class='ocrx_word' id='word_1_52' title='bbox 806 1312 929 1378; x_wconf 88' lang='lat' dir='ltr'><strong>fluenta</strong></span> <span class='ocrx_word' id='word_1_53' title='bbox 944 1328 1003 1378; x_wconf 87' lang='lat' dir='ltr'><strong>est.</strong></span> 
     </span>
     <span class='ocr_line' id='line_1_10' title="bbox 81 1429 1158 1518; baseline 0.001 -25"><span class='ocrx_word' id='word_1_54' title='bbox 81 1429 83 1436; x_wconf 53' lang='lat'><strong><em>⁴</em></strong></span> <span class='ocrx_word' id='word_1_55' title='bbox 128 1431 201 1495; x_wconf 91' lang='lat' dir='ltr'><strong>Huc</strong></span> <span class='ocrx_word' id='word_1_56' title='bbox 220 1430 386 1513; x_wconf 77' lang='lat' dir='ltr'>phaeton,</span> <span class='ocrx_word' id='word_1_57' title='bbox 403 1431 503 1502; x_wconf 89' lang='lat' dir='ltr'><strong>rutilo</strong></span> <span class='ocrx_word' id='word_1_58' title='bbox 521 1453 696 1518; x_wconf 90' lang='lat' dir='ltr'><strong>percussus</strong></span> <span class='ocrx_word' id='word_1_59' title='bbox 713 1430 853 1497; x_wconf 80' lang='lat' dir='ltr'><strong>fulmine</strong></span> <span class='ocrx_word' id='word_1_60' title='bbox 869 1445 1002 1518; x_wconf 89' lang='lat' dir='ltr'><strong>pectus,</strong></span> <span class='ocrx_word' id='word_1_61' title='bbox 1121 1443 1158 1484; x_wconf 76' lang='lat'><strong>¹1⁵</strong></span> 
     </span>
     <span class='ocr_line' id='line_1_11' title="bbox 127 1545 940 1636; baseline -0.002 -26"><span class='ocrx_word' id='word_1_62' title='bbox 127 1546 342 1611; x_wconf 88' lang='lat' dir='ltr'><strong>Semicremus</strong></span> <span class='ocrx_word' id='word_1_63' title='bbox 360 1546 496 1628; x_wconf 90' lang='lat' dir='ltr'><strong>cecidit,</strong></span> <span class='ocrx_word' id='word_1_64' title='bbox 513 1546 659 1612; x_wconf 87' lang='lat' dir='ltr'><strong>Phoebeo</strong></span> <span class='ocrx_word' id='word_1_65' title='bbox 676 1547 786 1636; x_wconf 87' lang='lat' dir='ltr'><strong>lapsus</strong></span> <span class='ocrx_word' id='word_1_66' title='bbox 802 1545 843 1608; x_wconf 92' lang='lat' dir='ltr'><strong>ab</strong></span> <span class='ocrx_word' id='word_1_67' title='bbox 860 1567 940 1625; x_wconf 82' lang='lat' dir='ltr'><strong>axe,</strong></span> 
     </span>
     <span class='ocr_line' id='line_1_12' title="bbox 127 1659 968 1752; baseline 0 -28"><span class='ocrx_word' id='word_1_68' title='bbox 127 1660 236 1744; x_wconf 87' lang='lat' dir='ltr'><strong>Quem</strong></span> <span class='ocrx_word' id='word_1_69' title='bbox 251 1661 332 1725; x_wconf 89' lang='lat' dir='ltr'><strong>vasti</strong></span> <span class='ocrx_word' id='word_1_70' title='bbox 350 1683 464 1749; x_wconf 88' lang='lat' dir='ltr'><strong>cepere</strong></span> <span class='ocrx_word' id='word_1_71' title='bbox 482 1663 589 1743; x_wconf 90' lang='lat' dir='ltr'><strong>lacus,</strong></span> <span class='ocrx_word' id='word_1_72' title='bbox 606 1677 825 1752; x_wconf 85' lang='lat' dir='ltr'><strong>stagnansque</strong></span> <span class='ocrx_word' id='word_1_73' title='bbox 841 1659 968 1724; x_wconf 87' lang='lat' dir='ltr'><strong>Padusa</strong></span> 
     </span>
     <span class='ocr_line' id='line_1_13' title="bbox 125 1777 869 1867; baseline -0.001 -27"><span class='ocrx_word' id='word_1_74' title='bbox 125 1778 283 1842; x_wconf 75' lang='lat' dir='ltr'><strong>Vulneris</strong></span> <span class='ocrx_word' id='word_1_75' title='bbox 297 1777 439 1842; x_wconf 87' lang='lat' dir='ltr'><strong>ardentis</strong></span> <span class='ocrx_word' id='word_1_76' title='bbox 455 1778 550 1867; x_wconf 82' lang='lat' dir='ltr'><strong>pueri</strong></span> <span class='ocrx_word' id='word_1_77' title='bbox 568 1794 717 1867; x_wconf 86' lang='lat' dir='ltr'><strong>correpta</strong></span> <span class='ocrx_word' id='word_1_78' title='bbox 730 1798 869 1865; x_wconf 80' lang='lat' dir='ltr'><strong>vapore3</strong></span> 
     </span>
     <span class='ocr_line' id='line_1_14' title="bbox 126 1888 978 1981; baseline -0.005 -24"><span class='ocrx_word' id='word_1_79' title='bbox 126 1893 156 1957; x_wconf 87' lang='lat' dir='ltr'>N</span> <span class='ocrx_word' id='word_1_80' title='bbox 158 1915 224 1956; x_wconf 92' lang='lat' dir='ltr'><strong>unc</strong></span> <span class='ocrx_word' id='word_1_81' title='bbox 243 1891 339 1961; x_wconf 83' lang='lat' dir='ltr'><strong>etiam</strong></span> <span class='ocrx_word' id='word_1_82' title='bbox 356 1892 507 1981; x_wconf 81' lang='lat' dir='ltr'><strong>gravibus</strong></span> <span class='ocrx_word' id='word_1_83' title='bbox 525 1893 679 1958; x_wconf 88' lang='lat' dir='ltr'><strong>miscetur</strong></span> <span class='ocrx_word' id='word_1_84' title='bbox 694 1891 852 1971; x_wconf 83' lang='lat' dir='ltr'><strong>odoribus</strong></span> <span class='ocrx_word' id='word_1_85' title='bbox 868 1888 978 1971; x_wconf 90' lang='lat' dir='ltr'><strong>unda,</strong></span> 
     </span>
     <span class='ocr_line' id='line_1_15' title="bbox 127 2005 1160 2096; baseline -0.003 -26"><span class='ocrx_word' id='word_1_86' title='bbox 127 2005 222 2070; x_wconf 92' lang='lat' dir='ltr'><strong>Unda</strong></span> <span class='ocrx_word' id='word_1_87' title='bbox 238 2007 390 2096; x_wconf 81' lang='lat' dir='ltr'><strong>frequens</strong></span> <span class='ocrx_word' id='word_1_88' title='bbox 407 2007 569 2072; x_wconf 89' lang='lat' dir='ltr'><strong>nimium:</strong></span> <span class='ocrx_word' id='word_1_89' title='bbox 590 2029 657 2070; x_wconf 92' lang='lat' dir='ltr'><strong>non</strong></span> <span class='ocrx_word' id='word_1_90' title='bbox 676 2008 762 2070; x_wconf 91' lang='lat' dir='ltr'><strong>hanc</strong></span> <span class='ocrx_word' id='word_1_91' title='bbox 779 2006 968 2094; x_wconf 87' lang='lat' dir='ltr'><strong>pernicibus</strong></span> <span class='ocrx_word' id='word_1_92' title='bbox 983 2006 1040 2069; x_wconf 92' lang='lat' dir='ltr'><strong>alis</strong></span> <span class='ocrx_word' id='word_1_93' title='bbox 1120 2019 1160 2058; x_wconf 72' lang='lat'><strong>1³0</strong></span> 
     </span>
     <span class='ocr_line' id='line_1_16' title="bbox 126 2122 1047 2211; baseline -0.002 -25"><span class='ocrx_word' id='word_1_94' title='bbox 126 2124 299 2203; x_wconf 85' lang='lat' dir='ltr'><strong>Transeat,</strong></span> <span class='ocrx_word' id='word_1_95' title='bbox 317 2123 352 2185; x_wconf 93' lang='lat' dir='ltr'><strong>in</strong></span> <span class='ocrx_word' id='word_1_96' title='bbox 369 2122 495 2210; x_wconf 92' lang='lat' dir='ltr'><strong>liquido</strong></span> <span class='ocrx_word' id='word_1_97' title='bbox 518 2122 656 2186; x_wconf 84' lang='lat' dir='ltr'><strong>volitans</strong></span> <span class='ocrx_word' id='word_1_98' title='bbox 675 2145 752 2211; x_wconf 84' lang='lat' dir='ltr'><strong>vaga</strong></span> <span class='ocrx_word' id='word_1_99' title='bbox 769 2122 897 2210; x_wconf 82' lang='lat' dir='ltr'><strong>gurgite</strong></span> <span class='ocrx_word' id='word_1_100' title='bbox 914 2142 1047 2209; x_wconf 78' lang='lat' dir='ltr'><strong>praepes.</strong></span> 
     </span>
     <span class='ocr_line' id='line_1_17' title="bbox 126 2236 1013 2327; baseline -0.002 -25"><span class='ocrx_word' id='word_1_101' title='bbox 126 2238 299 2327; x_wconf 86' lang='lat' dir='ltr'><strong>Virgineus</strong></span> <span class='ocrx_word' id='word_1_102' title='bbox 318 2237 437 2302; x_wconf 87' lang='lat' dir='ltr'><strong>chorus</strong></span> <span class='ocrx_word' id='word_1_103' title='bbox 457 2237 648 2319; x_wconf 88' lang='lat' dir='ltr'><strong>Heliadum,</strong></span> <span class='ocrx_word' id='word_1_104' title='bbox 667 2260 767 2325; x_wconf 87' lang='lat' dir='ltr'><strong>super</strong></span> <span class='ocrx_word' id='word_1_105' title='bbox 783 2238 845 2300; x_wconf 87' lang='lat' dir='ltr'><strong>alta</strong></span> <span class='ocrx_word' id='word_1_106' title='bbox 864 2236 1013 2300; x_wconf 86' lang='lat' dir='ltr'><strong>sedentes</strong></span> 
     </span>
     <span class='ocr_line' id='line_1_18' title="bbox 126 2351 835 2440; baseline 0 -26"><span class='ocrx_word' id='word_1_107' title='bbox 126 2351 274 2416; x_wconf 85' lang='lat' dir='ltr'><strong>Extensis</strong></span> <span class='ocrx_word' id='word_1_108' title='bbox 291 2351 375 2415; x_wconf 83' lang='lat' dir='ltr'><strong>loliis</strong></span> <span class='ocrx_word' id='word_1_109' title='bbox 394 2351 538 2440; x_wconf 90' lang='lat' dir='ltr'><strong>riparum</strong></span> <span class='ocrx_word' id='word_1_110' title='bbox 558 2352 708 2433; x_wconf 88' lang='lat' dir='ltr'><strong>brachia,</strong></span> <span class='ocrx_word' id='word_1_111' title='bbox 728 2351 835 2416; x_wconf 83' lang='lat' dir='ltr'><strong>fratris</strong></span> 
     </span>
     <span class='ocr_line' id='line_1_19' title="bbox 126 2465 1007 2558; baseline 0 -28"><span class='ocrx_word' id='word_1_112' title='bbox 126 2467 243 2531; x_wconf 89' lang='lat' dir='ltr'><strong>Tristia</strong></span> <span class='ocrx_word' id='word_1_113' title='bbox 258 2465 323 2531; x_wconf 82' lang='lat' dir='ltr'><strong>fata</strong></span> <span class='ocrx_word' id='word_1_114' title='bbox 346 2483 499 2557; x_wconf 87' lang='lat' dir='ltr'><strong>gemunt,</strong></span> <span class='ocrx_word' id='word_1_115' title='bbox 518 2484 720 2558; x_wconf 87' lang='lat' dir='ltr'><strong>cognataque</strong></span> <span class='ocrx_word' id='word_1_116' title='bbox 735 2467 851 2531; x_wconf 87' lang='lat' dir='ltr'><strong>funera</strong></span> <span class='ocrx_word' id='word_1_117' title='bbox 868 2465 1007 2531; x_wconf 91' lang='lat' dir='ltr'><strong>ducunt.</strong></span> 
     </span>
     <span class='ocr_line' id='line_1_20' title="bbox 128 2580 1155 2669; baseline -0.002 -24"><span class='ocrx_word' id='word_1_118' title='bbox 128 2580 227 2646; x_wconf 89' lang='lat' dir='ltr'><strong>Gutta</strong></span> <span class='ocrx_word' id='word_1_119' title='bbox 243 2580 423 2669; x_wconf 85' lang='lat' dir='ltr'><strong>superciliis</strong></span> <span class='ocrx_word' id='word_1_120' title='bbox 440 2582 556 2645; x_wconf 92' lang='lat' dir='ltr'><strong>crebro</strong></span> <span class='ocrx_word' id='word_1_121' title='bbox 572 2582 768 2645; x_wconf 84' lang='lat' dir='ltr'><strong>stillantibus</strong></span> <span class='ocrx_word' id='word_1_122' title='bbox 786 2582 852 2645; x_wconf 82' lang='lat' dir='ltr'><strong>exit</strong></span> <span class='ocrx_word' id='word_1_123' title='bbox 1118 2597 1155 2635; x_wconf 79' lang='lat'><strong>1³⁵</strong></span> 
     </span>
     <span class='ocr_line' id='line_1_21' title="bbox 127 2696 958 2787; baseline -0.002 -26"><span class='ocrx_word' id='word_1_124' title='bbox 127 2698 245 2761; x_wconf 88' lang='lat' dir='ltr'><strong>Electri</strong></span> <span class='ocrx_word' id='word_1_125' title='bbox 265 2697 300 2760; x_wconf 94' lang='lat' dir='ltr'><strong>in</strong></span> <span class='ocrx_word' id='word_1_126' title='bbox 316 2719 477 2787; x_wconf 89' lang='lat' dir='ltr'><strong>gemmas,</strong></span> <span class='ocrx_word' id='word_1_127' title='bbox 495 2697 685 2785; x_wconf 89' lang='lat' dir='ltr'><strong>Phoeboque</strong></span> <span class='ocrx_word' id='word_1_128' title='bbox 707 2713 821 2762; x_wconf 82' lang='lat' dir='ltr'><strong>exusta</strong></span> <span class='ocrx_word' id='word_1_129' title='bbox 838 2696 958 2761; x_wconf 86' lang='lat' dir='ltr'><strong>calenti</strong></span> 
     </span>
     <span class='ocr_line' id='line_1_22' title="bbox 130 2811 914 2892; baseline 0 -17"><span class='ocrx_word' id='word_1_130' title='bbox 130 2812 309 2876; x_wconf 88' lang='lat' dir='ltr'><strong>Flumineis</strong></span> <span class='ocrx_word' id='word_1_131' title='bbox 325 2811 467 2877; x_wconf 90' lang='lat' dir='ltr'><strong>tandem·</strong></span> <span class='ocrx_word' id='word_1_132' title='bbox 478 2829 629 2877; x_wconf 88' lang='lat' dir='ltr'><strong>concreta</strong></span> <span class='ocrx_word' id='word_1_133' title='bbox 645 2812 775 2876; x_wconf 84' lang='lat' dir='ltr'><strong>nitescit</strong></span> <span class='ocrx_word' id='word_1_134' title='bbox 789 2811 914 2892; x_wconf 88' lang='lat' dir='ltr'><strong>arenis;</strong></span> 
     </span>
     <span class='ocr_line' id='line_1_23' title="bbox 128 2926 893 3016; baseline -0.001 -26"><span class='ocrx_word' id='word_1_135' title='bbox 128 2927 314 2991; x_wconf 90' lang='lat' dir='ltr'><strong>Horrisonis</strong></span> <span class='ocrx_word' id='word_1_136' title='bbox 332 2930 450 2993; x_wconf 88' lang='lat' dir='ltr'><strong>Boreas</strong></span> <span class='ocrx_word' id='word_1_137' title='bbox 466 2951 569 3016; x_wconf 92' lang='lat' dir='ltr'><strong>quum</strong></span> <span class='ocrx_word' id='word_1_138' title='bbox 584 2929 680 2992; x_wconf 90' lang='lat' dir='ltr'><strong>litora</strong></span> <span class='ocrx_word' id='word_1_139' title='bbox 695 2926 825 2991; x_wconf 85' lang='lat' dir='ltr'><strong>flatibus</strong></span> <span class='ocrx_word' id='word_1_140' title='bbox 838 2926 893 2990; x_wconf 88' lang='lat' dir='ltr'><strong>illa</strong></span> 
     </span>
     <span class='ocr_line' id='line_1_24' title="bbox 127 3040 1004 3135; baseline -0.003 -27"><span class='ocrx_word' id='word_1_141' title='bbox 127 3045 301 3121; x_wconf 85' lang='lat' dir='ltr'><strong>Verberat,</strong></span> <span class='ocrx_word' id='word_1_142' title='bbox 316 3060 349 3107; x_wconf 88' lang='lat' dir='ltr'><strong>et</strong></span> <span class='ocrx_word' id='word_1_143' title='bbox 364 3046 463 3135; x_wconf 80' lang='lat' dir='ltr'><strong>nigrae</strong></span> <span class='ocrx_word' id='word_1_144' title='bbox 479 3068 582 3133; x_wconf 91' lang='lat' dir='ltr'><strong>quum</strong></span> <span class='ocrx_word' id='word_1_145' title='bbox 602 3043 740 3108; x_wconf 88' lang='lat' dir='ltr'><strong>fluctuat</strong></span> <span class='ocrx_word' id='word_1_146' title='bbox 757 3042 847 3107; x_wconf 91' lang='lat' dir='ltr'><strong>unda</strong></span> <span class='ocrx_word' id='word_1_147' title='bbox 859 3040 1004 3130; x_wconf 91' lang='lat' dir='ltr'><strong>paludis,</strong></span> 
     </span>
     <span class='ocr_line' id='line_1_25' title="bbox 127 3156 1154 3241; baseline -0.007 -16"><span class='ocrx_word' id='word_1_148' title='bbox 127 3158 259 3225; x_wconf 84' lang='lat' dir='ltr'><strong>Eridani</strong></span> <span class='ocrx_word' id='word_1_149' title='bbox 278 3159 421 3223; x_wconf 91' lang='lat' dir='ltr'><strong>subeunt</strong></span> <span class='ocrx_word' id='word_1_150' title='bbox 434 3160 560 3241; x_wconf 88' lang='lat' dir='ltr'><strong>latices,</strong></span> <span class='ocrx_word' id='word_1_151' title='bbox 577 3158 757 3221; x_wconf 86' lang='lat' dir='ltr'><strong>volvuntur</strong></span> <span class='ocrx_word' id='word_1_152' title='bbox 777 3172 810 3219; x_wconf 87' lang='lat' dir='ltr'><strong>et</strong></span> <span class='ocrx_word' id='word_1_153' title='bbox 828 3156 917 3220; x_wconf 90' lang='lat' dir='ltr'><strong>amni</strong></span> <span class='ocrx_word' id='word_1_154' title='bbox 1116 3176 1154 3218; x_wconf 78' lang='lat' dir='ltr'><strong>uo</strong></span> 
     </span>
     <span class='ocr_line' id='line_1_26' title="bbox 127 3268 1017 3362; baseline -0.008 -23"><span class='ocrx_word' id='word_1_155' title='bbox 127 3278 243 3339; x_wconf 89' lang='lat' dir='ltr'><strong>Frusta</strong></span> <span class='ocrx_word' id='word_1_156' title='bbox 260 3291 387 3356; x_wconf 89' lang='lat' dir='ltr'><strong>coacta,</strong></span> <span class='ocrx_word' id='word_1_157' title='bbox 406 3274 501 3339; x_wconf 88' lang='lat' dir='ltr'><strong>Notis</strong></span> <span class='ocrx_word' id='word_1_158' title='bbox 519 3273 703 3362; x_wconf 87' lang='lat' dir='ltr'><strong>pluviisque</strong></span> <span class='ocrx_word' id='word_1_159' title='bbox 718 3270 866 3335; x_wconf 87' lang='lat' dir='ltr'><strong>undante</strong></span> <span class='ocrx_word' id='word_1_160' title='bbox 883 3268 1017 3334; x_wconf 87' lang='lat' dir='ltr'><strong>fluento.</strong></span> 
     </span>
     <span class='ocr_line' id='line_1_27' title="bbox 126 3384 960 3479; baseline -0.008 -25"><span class='ocrx_word' id='word_1_161' title='bbox 126 3392 224 3454; x_wconf 88' lang='lat' dir='ltr'><strong>Fama</strong></span> <span class='ocrx_word' id='word_1_162' title='bbox 242 3406 351 3454; x_wconf 91' lang='lat' dir='ltr'><strong>tamen</strong></span> <span class='ocrx_word' id='word_1_163' title='bbox 369 3392 475 3479; x_wconf 89' lang='lat' dir='ltr'><strong>prisca</strong></span> <span class='ocrx_word' id='word_1_164' title='bbox 489 3404 537 3453; x_wconf 90' lang='lat' dir='ltr'><strong>est</strong></span> <span class='ocrx_word' id='word_1_165' title='bbox 551 3387 648 3452; x_wconf 89' lang='lat' dir='ltr'><strong>Celtis</strong></span> <span class='ocrx_word' id='word_1_166' title='bbox 665 3385 853 3451; x_wconf 88' lang='lat' dir='ltr'><strong>auctoribus</strong></span> <span class='ocrx_word' id='word_1_167' title='bbox 861 3433 874 3467; x_wconf 85' lang='lat'><strong>„</strong></span> <span class='ocrx_word' id='word_1_168' title='bbox 891 3384 960 3448; x_wconf 87' lang='lat' dir='ltr'><strong>illas</strong></span> 
     </span>
     <span class='ocr_line' id='line_1_28' title="bbox 126 3499 1004 3594; baseline -0.007 -25"><span class='ocrx_word' id='word_1_169' title='bbox 126 3507 205 3569; x_wconf 84' lang='lat' dir='ltr'><strong>Esse</strong></span> <span class='ocrx_word' id='word_1_170' title='bbox 220 3504 273 3570; x_wconf 91' lang='lat' dir='ltr'><strong>dei</strong></span> <span class='ocrx_word' id='word_1_171' title='bbox 288 3506 444 3594; x_wconf 82' lang='lat' dir='ltr'><strong>lacrymas</strong></span> <span class='ocrx_word' id='word_1_172' title='bbox 458 3504 571 3586; x_wconf 89' lang='lat' dir='ltr'><strong>Clarii,</strong></span> <span class='ocrx_word' id='word_1_173' title='bbox 597 3502 676 3567; x_wconf 91' lang='lat' dir='ltr'><strong>dum</strong></span> <span class='ocrx_word' id='word_1_174' title='bbox 693 3502 800 3592; x_wconf 88' lang='lat' dir='ltr'><strong>plorat</strong></span> <span class='ocrx_word' id='word_1_175' title='bbox 814 3499 1004 3588; x_wconf 89' lang='lat' dir='ltr'><strong>ademptum</strong></span> 
     </span>
     <span class='ocr_line' id='line_1_29' title="bbox 124 3616 975 3708; baseline -0.008 -25"><span class='ocrx_word' id='word_1_176' title='bbox 124 3619 288 3708; x_wconf 87' lang='lat' dir='ltr'><strong>Lampade</strong></span> <span class='ocrx_word' id='word_1_177' title='bbox 302 3619 460 3683; x_wconf 86' lang='lat' dir='ltr'><strong>fulminea</strong></span> <span class='ocrx_word' id='word_1_178' title='bbox 475 3634 603 3699; x_wconf 89' lang='lat' dir='ltr'><strong>natum,</strong></span> <span class='ocrx_word' id='word_1_179' title='bbox 617 3616 792 3704; x_wconf 85' lang='lat' dir='ltr'><strong>radiosque</strong></span> <span class='ocrx_word' id='word_1_180' title='bbox 806 3636 975 3687; x_wconf 68' lang='lat' dir='ltr'><strong>‚resumens</strong></span> 
     </span>
     <span class='ocr_line' id='line_1_30' title="bbox 125 3728 906 3821; baseline -0.008 -24"><span class='ocrx_word' id='word_1_181' title='bbox 125 3736 163 3797; x_wconf 93' lang='lat' dir='ltr'><strong>In</strong></span> <span class='ocrx_word' id='word_1_182' title='bbox 180 3735 336 3821; x_wconf 80' lang='lat' dir='ltr'><strong>lacrymas</strong></span> <span class='ocrx_word' id='word_1_183' title='bbox 352 3748 440 3797; x_wconf 90' lang='lat' dir='ltr'><strong>totus</strong></span> <span class='ocrx_word' id='word_1_184' title='bbox 459 3731 545 3796; x_wconf 92' lang='lat' dir='ltr'><strong>cedit</strong></span> <span class='ocrx_word' id='word_1_185' title='bbox 559 3730 657 3813; x_wconf 92' lang='lat' dir='ltr'><strong>deus,</strong></span> <span class='ocrx_word' id='word_1_186' title='bbox 676 3730 816 3817; x_wconf 89' lang='lat' dir='ltr'><strong>imputat</strong></span> <span class='ocrx_word' id='word_1_187' title='bbox 829 3728 906 3816; x_wconf 90' lang='lat' dir='ltr'><strong>ipsis</strong></span> 
     </span>
     <span class='ocr_line' id='line_1_31' title="bbox 125 3844 905 3937; baseline -0.01 -23"><span class='ocrx_word' id='word_1_188' title='bbox 125 3850 261 3914; x_wconf 88' lang='lat' dir='ltr'><strong>Moestus</strong></span> <span class='ocrx_word' id='word_1_189' title='bbox 280 3848 371 3937; x_wconf 85' lang='lat' dir='ltr'><strong>equis</strong></span> <span class='ocrx_word' id='word_1_190' title='bbox 389 3849 455 3913; x_wconf 85' lang='lat' dir='ltr'><strong>nati</strong></span> <span class='ocrx_word' id='word_1_191' title='bbox 469 3870 576 3929; x_wconf 91' lang='lat' dir='ltr'><strong>casus,</strong></span> <span class='ocrx_word' id='word_1_192' title='bbox 591 3861 624 3909; x_wconf 90' lang='lat' dir='ltr'><strong>et</strong></span> <span class='ocrx_word' id='word_1_193' title='bbox 640 3846 775 3910; x_wconf 90' lang='lat' dir='ltr'><strong>verbere</strong></span> <span class='ocrx_word' id='word_1_194' title='bbox 792 3844 905 3920; x_wconf 82' lang='lat' dir='ltr'><strong>saevit,</strong></span> 
     </span>
     <span class='ocr_line' id='line_1_32' title="bbox 127 3960 1004 4050; baseline -0.005 -21"><span class='ocrx_word' id='word_1_195' title='bbox 127 3964 269 4047; x_wconf 86' lang='lat' dir='ltr'><strong>Quando</strong></span> <span class='ocrx_word' id='word_1_196' title='bbox 284 3966 368 4029; x_wconf 89' lang='lat' dir='ltr'><strong>ultra</strong></span> <span class='ocrx_word' id='word_1_197' title='bbox 386 3967 519 4029; x_wconf 89' lang='lat' dir='ltr'><strong>Boream</strong></span> <span class='ocrx_word' id='word_1_198' title='bbox 534 3964 639 4044; x_wconf 90' lang='lat' dir='ltr'><strong>venit,</strong></span> <span class='ocrx_word' id='word_1_199' title='bbox 655 3977 850 4050; x_wconf 86' lang='lat' dir='ltr'><strong>montesque</strong></span> <span class='ocrx_word' id='word_1_200' title='bbox 867 3960 1004 4042; x_wconf 84' lang='lat' dir='ltr'><strong>nivales,</strong></span> 
     </span>
     <span class='ocr_line' id='line_1_33' title="bbox 126 4076 893 4173; baseline -0.01 -26"><span class='ocrx_word' id='word_1_201' title='bbox 126 4080 167 4147; x_wconf 89' lang='lat' dir='ltr'><strong>Et</strong></span> <span class='ocrx_word' id='word_1_202' title='bbox 181 4083 295 4147; x_wconf 85' lang='lat' dir='ltr'><strong>caelum</strong></span> <span class='ocrx_word' id='word_1_203' title='bbox 313 4080 423 4173; x_wconf 88' lang='lat' dir='ltr'><strong>liquit,</strong></span> <span class='ocrx_word' id='word_1_204' title='bbox 439 4080 604 4171; x_wconf 88' lang='lat' dir='ltr'><strong>patrisque</strong></span> <span class='ocrx_word' id='word_1_205' title='bbox 623 4077 779 4142; x_wconf 89' lang='lat' dir='ltr'><strong>minantia</strong></span> <span class='ocrx_word' id='word_1_206' title='bbox 795 4076 893 4141; x_wconf 89' lang='lat' dir='ltr'><strong>verba</strong></span> 
     </span>
    </p>
   </div>
   <div class='ocr_carea' id='block_1_5' title="bbox 0 0 1434 4975">
    <p class='ocr_par' dir='ltr' id='par_1_5' title="bbox 0 0 1434 4975">
     <span class='ocr_line' id='line_1_34' title="bbox 0 0 1434 4975; baseline 0 1"><span class='ocrx_word' id='word_1_207' title='bbox 0 0 1434 4975; x_wconf 95' lang='lat' dir='ltr'><strong> </strong></span> 
     </span>
    </p>
   </div>
  </div>
 </body>
</html>
