2859 4975
288 396 348 460 182
592 397 628 461 C.
653 397 849 462 VALERII
880 401 1061 466 FLACCI

328 529 464 610 Omnis,
481 544 514 592 et
529 528 628 600 iratus
646 528 799 594 nondum
816 545 925 618 pater,
944 530 1015 595 haec
1030 547 1087 596 tua
1105 534 1215 616 tellus,

327 641 542 730 Sceptraque:
560 641 641 730 quid
659 645 752 707 terris
772 643 874 706 solam
894 660 927 709 te
943 644 1048 710 credis
1068 646 1221 712 Achaeis?

327 757 409 840 Quis
428 758 520 820 locus
535 757 683 821 Inachias
699 742 786 821 inter
800 756 880 838 tibi,
905 757 1058 840 barbara,
1076 761 1191 824 natas?

325 873 433 936 lstane
448 886 524 935 vota
540 869 676 953 domus,
704 871 946 960 exspectatique
968 873 1160 960 Hymenaei?

326 987 425 1050 Hunc
440 986 517 1074 petii
534 985 704 1076 grandaeva
720 984 828 1050 diem?
842 987 969 1050 Vellem
986 986 1154 1076 unguibus
1171 988 1288 1073 uncis,
1328 1007 1365 1046 1⁵0

326 1100 372 1162 Ut
386 1100 545 1182 volucris,
561 1123 691 1190 possem
710 1099 874 1188 praedonis
892 1102 927 1165 in
945 1102 1048 1189 ipsius
1068 1119 1125 1166 ora
1420 1098 1421 1101 ¹

324 1213 375 1276 Ire
394 1229 564 1302 ratemque
580 1237 695 1302 supra,
712 1215 866 1304 claroque
882 1237 1055 1303 reposcere
1070 1233 1190 1295 cantu,

327 1327 434 1408 Quam
454 1327 564 1416 genui.
581 1327 707 1392 Albano
723 1328 788 1392 suit
804 1329 874 1393 haec
889 1331 1050 1416 promissa
1068 1346 1226 1419 tyranno,

273 1458 277 1464 “
325 1441 401 1504 Non
419 1441 496 1526 tibi3
516 1441 562 1506 nil
577 1458 687 1506 tecum
707 1442 817 1507 miseri
835 1444 987 1534 pepigere
1002 1462 1171 1534 parentes,
1214 1533 1217 1538 Ι

275 1615 282 1620 ,
325 1555 590 1640 AEsonidepnon
606 1557 671 1620 hoo
687 1558 791 1622 Pelias
809 1558 944 1623 evadere
959 1561 1050 1624 furto
1327 1582 1363 1621 1⁵5

324 1669 369 1730 Te
382 1668 496 1751 jubet,
514 1685 571 1732 aut
587 1671 667 1739 ullas
693 1671 825 1736 Colchis
841 1658 1004 1738 abducere
1023 1690 1125 1740 natas.
1204 1683 1208 1689 '
1272 1657 1276 1664 .
1420 1648 1421 1665 Χ

323 1785 435 1852 Velius
452 1786 554 1868 habe,
572 1803 605 1850 et
621 1787 787 1868 nostrissi
802 1786 883 1875 quid
900 1811 1011 1877 super,
1029 1792 1158 1880 accipe,
1177 1795 1335 1882 templis..
1420 1772 1421 1797 ¹

242 1903 245 1912 “
324 1898 388 1962 Sed
402 1901 484 1988 quid
499 1925 560 1992 ego
576 1924 777 1990 quemquam
793 1901 965 1967 immeritis
982 1904 1098 1969 incuso
1114 1907 1280 1994 querelis?

246 2027 249 2033 '
285 2070 287 2074 ,
321 2013 392 2098 lpsa
410 2013 511 2104 fugit,
528 2029 705 2103 tantoque,
722 2015 829 2079 nefas!
845 2015 916 2103 ipsa
930 2017 1024 2082 ardet
1039 2042 1163 2084 amore.

321 2125 393 2190 Hoc
410 2143 495 2210 erat,
512 2128 643 2211 infelix,
666 2128 808 2193 redeunt
825 2153 902 2193 nam
921 2130 1051 2220 singola
1069 2134 1191 2215 menti,
1323 2155 1363 2193 160
1420 2132 1421 2147 ³

209 2352 213 2372 '
312 2374 364 2428 149.
379 2369 439 2415 Vota
457 2367 545 2413 domm
567 2366 605 2413 Sic
622 2369 680 2414 Bon.
699 2367 754 2415 cod.
773 2368 849 2434 Gron.
862 2368 933 2415 ono.
945 2371 987 2425 lv,
1005 2374 1118 2421 inlicta
1136 2371 1227 2444 minue.
1246 2375 1316 2426 tunt.
1333 2384 1358 2420 et

278 2444 333 2492 edd.
350 2461 426 2508 usque
441 2446 472 2493 td
487 2445 567 2494 Heius.
584 2447 628 2494 En.

278 2662 353 2729 chis,
372 2683 428 2716 non
449 2664 540 2717 Graeca
565 2682 611 2729 es,
634 2666 698 2715 inter
720 2675 795 2713 natas
840 2684 915 2731 quam
925 2669 1013 2734 genui,
1025 2665 1117 2719 filiam.
1131 2666 1213 2719 Conl.
1222 2668 1282 2730 Vl,
1298 2668 1361 2737 ²93·

278 2746 418 2795 Inachias?
431 2762 521 2795 nonne
535 2754 561 2796 te
577 2743 682 2795 semina
694 2740 795 2795 Graecte
879 2744 938 2798 155.
948 2750 1006 2796 Non
1022 2748 1069 2797 boe
1079 2748 1160 2796 Pelias
1173 2749 1280 2797 evadere
1284 2749 1360 2813 sam
1420 2773 1421 2782 κ

204 2811 209 2825 ’
286 2822 468 2875 contemnent?
840 2836 864 2873 te
868 2825 1010 2895 jubet,per
1023 2825 1102 2877 talem
1115 2822 1308 2878 clandestinam
1318 2845 1362 2877 ra·
1420 2829 1421 2882 I

315 2909 376 2971 149.
391 2909 476 2955 Istune
489 2917 551 2954 vcta
565 2906 651 2954 domus
665 2913 794 2968 exspecta·
839 2900 931 2972 pinam
952 2903 1039 2955 noluit
1064 2914 1090 2955 te
1115 2902 1284 2975 expeditione
1308 2906 1360 2958 tibi
1420 2937 1421 2954 t

276 2985 344 3050 tique
354 2987 498 3049 Hymenoei,
513 2984 551 3037 sic
565 2982 652 3054 exples
666 2994 728 3033 vota
746 3000 794 3053 pa-
839 2982 967 3037 mandata
980 2981 1100 3054 defungi.
1420 3049 1421 3058 ἵ

274 3073 397 3125 rentum,
419 3063 466 3135 qui
483 3062 528 3116 alii
543 3066 673 3135 jamjam,
687 3062 791 3113 Albano
873 3060 931 3132 157.
949 3066 1033 3113 Vellus
1052 3063 1129 3123 tabe,
1148 3080 1211 3114 oum
1230 3060 1361 3135 indigna·

274 3140 406 3213 principi,
419 3140 629 3214 despondimus?
644 3148 715 3193 Hunc
733 3143 793 3209 petii
835 3139 908 3194 tione
917 3139 1087 3194 concedentis
1097 3140 1257 3207 verbnm,et
1265 3147 1360 3194 nostris

183 3206 185 3215 Α
241 3209 245 3221 ¹
271 3224 411 3288 grandceva
427 3224 505 3285 diem,
523 3221 605 3275 vitam
622 3222 702 3293 igitur
724 3220 792 3271 mihi
836 3222 930 3287 siquid
939 3240 1013 3289 super
1023 3219 1276 3293 templis,quidquid
1288 3241 1362 3293 prat·

276 3302 346 3352 etati
365 3314 496 3371 provectae
516 3303 663 3375 longiorem
686 3300 792 3353 contin·
837 3310 909 3351 terea
931 3298 1103 3353 donariorum
1130 3298 1223 3364 adest,
1248 3302 1359 3373 accipe,
1420 3321 1421 3366 j

276 3398 342 3451 gere,
355 3381 463 3451 optavi,
477 3394 507 3433 ut
524 3381 597 3434 hunc
618 3374 703 3433 talemv
721 3379 793 3431 diem
837 3377 919 3430 modo
931 3378 1130 3433 flliamreddas.
1168 3390 1171 3395 '
1269 3403 1272 3408 >

274 3458 393 3512 viderem
401 3459 440 3511 i·-
449 3462 470 3513 E
480 3475 574 3513 natura
582 3477 738 3531 expressum
748 3477 755 3511 :
764 3457 793 3511 id
875 3459 936 3512 158.
949 3458 1028 3512 Nunc
1042 3476 1105 3510 cum
1118 3458 1177 3530 ipsa
1192 3459 1249 3512 lilia
1267 3461 1360 3531 queri-

274 3538 345 3591 enim
359 3534 492 3611 precipue
505 3541 590 3593 solent
603 3550 700 3592 matres
713 3550 790 3609 opta·
835 3549 895 3589 tur:
914 3542 965 3589 Sed
982 3540 1044 3606 quid
1060 3558 1105 3607 ego
1127 3558 1293 3607 quemquam,
1312 3540 1359 3593 vel

274 3636 304 3669 re
320 3619 417 3689 quibus
431 3633 469 3673 est
487 3619 553 3685 filia,
567 3629 598 3670 ut
616 3619 672 3689 ejus
685 3617 791 3694 nuptia·
834 3617 974 3683 Jasonem,
986 3617 1029 3671 vel
1039 3616 1121 3669 alium
1130 3636 1294 3689 quemquam
1306 3618 1360 3671 im·

275 3716 335 3749 rum
345 3697 417 3750 diem
428 3698 518 3751 videre
527 3696 790 3768 sibicontingat.En.
835 3696 930 3749 merito
942 3715 1056 3748 accusem
1063 3698 1078 3746 ¹?
1093 3702 1168 3764 Ipsa,
1183 3710 1294 3767 sponte,
1309 3717 1358 3750 ne-

313 3778 372 3831 150.
382 3778 442 3829 Jam
452 3777 497 3830 iroe
506 3777 583 3847 plena
594 3775 742 3829 orationem
752 3775 791 3828 di·
834 3777 906 3829 mine
914 3776 1081 3846 impellente,
1090 3779 1145 3843 ipsa
1154 3790 1232 3838 tanto,
1241 3796 1291 3830 seu
1301 3789 1359 3830 tam

272 3856 333 3929 rigit
347 3856 381 3909 ad
393 3857 520 3909 Jasonem
529 3873 536 3907 :
545 3855 665 3921 Utinam,
677 3870 705 3906 ue
717 3861 791 3908 volu·
834 3856 950 3920 nefario,
960 3860 1034 3908 ardet
1045 3875 1139 3911 amore.

276 3939 323 3987 cris
329 3938 374 3997 ,in
388 3938 463 4002 ipsius
474 3936 600 4003 proedom's
613 3954 659 3985 ora
670 3938 791 4003 unguibus
874 3940 932 3989 160.
949 3940 1060 3987 Redeunt
1070 3938 1127 4004 jam
1144 3937 1246 4003 singula
1269 3941 1357 4004 nunti,
1420 3929 1421 3962 3

273 4018 343 4069 uncis
353 4017 387 4066 ire
395 4034 506 4083 possem,
518 4028 644 4081 ratemque
654 4035 728 4084 supra
739 4017 791 4084 (re-
833 4015 902 4067 bene
913 4015 1053 4077 memini,
1064 4024 1091 4064 te
1108 4014 1197 4067 subito
1217 4014 1300 4067 aliam
1319 4017 1359 4068 sa·

272 4104 346 4163 petas
363 4096 433 4163 ire),
456 4112 542 4165 supra,
559 4097 645 4146 ratem
663 4094 790 4157 volitare,
835 4106 924 4160 ctam3
937 4098 1068 4167 jamvero
1082 4092 1214 4166 perspicio
1229 4113 1355 4157 cansam,

271 4176 389 4239 claroque
404 4193 529 4241 reposcere
540 4188 635 4234 cantu,
650 4172 792 4246 clangore,
834 4180 916 4243 qnod,
931 4180 974 4226 Ex
996 4195 1045 4242 qno
1070 4177 1206 4227 messatici
1228 4179 1358 4227 subierunt
1420 4243 1421 4248 1
