2859 4975
268 217 278 246 l

292 387 297 390 ’
327 397 744 484 ARGONAUTICON,
767 401 854 466 LIB.
878 403 921 466 X.
950 426 964 458 x
1095 404 1161 491 259

132 531 172 595 Et
185 528 293 619 rigido
309 529 487 594 commixta
501 551 585 595 sono
602 546 651 596 est
669 532 816 620 cogentis
834 533 966 598 amicos.
1191 573 1199 604 t

132 644 194 709 Olli
208 642 410 710 conveniunt
425 644 553 708 moesti:
571 644 721 710 sublimis
737 648 834 711 Iason

131 759 358 850 Nympharum
378 758 522 826 monitus
538 760 674 849 pandit,
692 762 896 850 caelestiaque
915 786 992 828 ora:

171 872 361 964 «Accipitel,
381 897 401 938 ο
418 874 515 956 socii,
532 891 566 939 et
580 874 721 965 placidas
739 875 897 941 advertite
911 893 1047 943 mentes.
1121 898 1159 950 ³7⁵

129 991 208 1056 Tres
225 990 307 1054 mihi
321 989 364 1054 de
382 1011 522 1054 numero
539 989 768 1080 Nympharum
784 993 927 1057 immane
942 995 1094 1082 querenti
1149 1071 1155 1077 .

130 1107 309 1170 Occurrere
328 1103 418 1186 deae,
439 1104 612 1169 succinctis
628 1105 765 1171 nebride
782 1106 871 1171 fulva

131 1220 350 1309 Corporibus,
366 1219 452 1316 nivei
468 1241 622 1309 supremo
639 1221 673 1284 in
690 1221 811 1286 vertice
828 1223 912 1286 colli.

129 1334 186 1397 llis
203 1333 341 1398 dorsum
357 1333 494 1398 incurvo
511 1333 686 1399 nectebant
699 1335 831 1425 cingula
847 1359 970 1402 morsu.

128 1445 259 1540 Adstitit
272 1445 411 1513 attonito
426 1445 562 1534 propior
576 1448 718 1531 chorus3
733 1450 867 1538 insuper
886 1474 953 1515 una
1039 1487 1043 1493 ·
1117 1473 1155 1511 ³⁸0

130 1561 300 1626 Ambrosia
315 1559 495 1626 ostendunt
509 1559 660 1626 deductis
676 1562 823 1628 vestibus
841 1586 915 1629 ora:

85 1723 88 1728 -
170 1675 256 1759 «allia
266 1675 426 1766 agedum,
442 1673 527 1752 dux,
540 1676 623 1764 pelle
642 1698 766 1759 moras,
785 1677 958 1766 sociosque
973 1679 1116 1744 revisens

128 1817 142 1843 a
150 1788 309 1878 Evigilare
322 1787 423 1870 jube,
436 1789 642 1878 propriaeque
656 1812 819 1879 reponere
832 1793 928 1856 matri

131 1902 290 1969 «Praemia
306 1919 454 1966 materno
474 1902 543 1966 dux
557 1902 683 1993 integer
699 1926 792 1991 aequa
809 1905 923 1973 labori.

125 2018 226 2082 «Mox
244 2018 381 2082 celerem
397 2039 532 2082 currum
548 2017 723 2106 Neptunus
740 2019 877 2083 numine
891 2021 996 2086 amico
1081 2067 1087 2077 ,
1116 2042 1154 2082 aas

126 2132 321 2224 «Expediet,
338 2134 523 2220 celeresque
536 2148 623 2198 rotas
637 2132 715 2196 levis
729 2133 957 2222 Amphitrite».

167 2247 264 2312 «Non
281 2246 409 2312 valuere
426 2247 509 2312 acies
528 2247 628 2311 animi
643 2247 866 2313 internoscere
878 2251 985 2315 moesti

123 2347 267 2426 Numina
284 2360 422 2426 fatidicis
441 2361 595 2426 solventia
611 2361 746 2456 vocibus
761 2386 828 2454 pta.

128 2476 170 2541 Se
189 2498 364 2541 nemorum
381 2474 490 2541 dixere
506 2475 599 2557 deas,
614 2477 816 2565 miserosque
824 2478 976 2565 juvando
1039 2493 1042 2499 “

123 2592 295 2673 Mortales,
317 2590 427 2677 Libyae
442 2589 584 2678 pecudes
603 2607 636 2655 et
652 2614 727 2654 rura
745 2593 840 2687 tueri.
931 2595 938 2605 “
1113 2614 1152 2666 ³9.

122 2704 279 2767 Praeterea
295 2726 510 2792 quaecumque
527 2704 624 2780 mari,
641 2726 858 2793 quaecumque
873 2727 933 2793 per
948 2706 1062 2773 orbem

121 2818 309 2894 Gessimus‚
329 2840 398 2882 esse
412 2817 474 2881 sibi
490 2817 715 2885 memorabant
732 2818 858 2907 singula
876 2835 962 2883 nota.

119 2934 189 2999 Nec
204 2932 333 3021 penitus
351 2930 468 2996 vidisse
486 2930 598 2995 datum
613 2947 663 2995 est
679 2931 744 2996 hoc
759 2932 885 3027 lumine
901 2933 1079 3025 Nymphas.

118 3046 183 3126 Sed
200 3046 309 3112 medio
325 3047 467 3113 tenebrae
483 3061 655 3135 sepserunt
672 3068 746 3110 aere
762 3047 868 3129 divas,

120 3164 203 3246 Quae
219 3178 350 3227 nostros
367 3162 520 3227 hebetare
536 3160 642 3225 solent
657 3161 793 3250 caligine
813 3163 901 3227 visus
916 3195 939 3227 n.
1036 3243 1065 3254 ,⁴
1107 3188 1146 3239 ³9⁵

162 3282 240 3345 Haec
256 3279 351 3343 fatus.
369 3278 530 3366 Stupuere
546 3275 662 3339 animis
680 3275 874 3339 nutantibus
891 3301 1022 3360 omnes,

117 3394 283 3484 Praecipue
301 3407 449 3457 monstro
465 3391 592 3479 Minyas
611 3389 752 3479 agitante
768 3390 910 3455 recenti:

117 3508 292 3598 AEquoreis
308 3506 459 3571 immanis
475 3528 581 3595 equus
600 3526 676 3569 nam
696 3503 820 3593 prosilit
839 3504 954 3585 undis,

117 3623 239 3688 Effusis
255 3645 314 3711 per
333 3621 415 3686 colla
425 3620 514 3701 jubis
534 3620 657 3705 cervice
673 3618 835 3707 superbus

117 3739 311 3819 Auricoma,
331 3734 423 3815 cujus
440 3750 553 3799 rorant
575 3733 743 3827 aspergine
759 3733 905 3796 membra
997 3799 1005 3817 ,
1087 3762 1145 3807 ς,ιω
1186 3729 1190 3739 ’

116 3850 212 3915 Vasta
229 3851 344 3941 maris,
360 3872 524 3938 cursuque
540 3865 653 3929 notos,
668 3868 832 3933 cursuque
846 3850 1001 3934 procellas

81 4014 94 4031 ,
117 3964 292 4040 Provocat,
309 3964 454 4029 hibernis
471 3963 576 4053 pelagi
589 3962 829 4028 inconstantior
848 3962 955 4029 undis.

118 4078 224 4161 Quem
237 4081 345 4145 visum
362 4080 472 4174 subito
490 4079 604 4143 Peleus
619 4079 772 4159 miratus,
786 4081 896 4146 amicis

961 4222 1010 4285 17.
