2859 4975
297 385 693 452 ARGONAUTICON
724 390 811 454 LIB.
837 387 918 454 vll.
1079 415 1138 480 127

113 515 223 603 (Quid
243 517 396 581 meritum
405 517 440 606 i)
453 535 510 582 aut
526 519 604 584 tales
620 521 725 585 voluit
737 542 791 584 me
807 521 951 608 pendere
964 545 1084 609 poenas.

113 632 163 692 An
176 631 261 710 jacet
276 647 407 698 externa
423 631 513 720 quud
529 653 618 697 nuuc
632 633 714 696 mihi
732 634 867 721 cuspide
880 635 1045 720 Canthus,

117 743 285 832 Quodque
303 768 395 820 meus
418 746 531 810 vestris
545 746 662 810 cecidit
684 771 745 836 pro
761 749 922 814 moenibua
940 750 1053 837 Iphis?

113 862 182 922 Aut
197 860 336 947 Scythiae
355 877 444 926 tanta
464 860 540 925 inde
556 861 695 928 manus?
706 862 854 941 jussisset
866 862 956 929 abire

112 973 281 1055 Perfidus,
301 991 399 1062 atque
419 975 486 1038 suis
505 976 667 1065 extemplo
685 975 801 1040 cedere
817 977 935 1066 regnis.
1100 999 1140 1044 ua

113 1087 212 1176 Spem
232 1088 312 1151 mihi
326 1089 518 1177 promissam
532 1113 591 1178 per
609 1114 682 1178 quae
700 1091 886 1156 discrimina
905 1115 1040 1174 rursus,

111 1201 155 1265 Et
168 1201 283 1267 reddat
300 1225 363 1290 qua
381 1203 470 1293 lege,
488 1202 601 1268 vides:
621 1204 816 1268 occumbere
831 1203 963 1268 tandem

111 1315 311 1399 Possumus3
331 1315 432 1404 idque
445 1317 551 1398 sedet,
573 1341 672 1406 quarn
687 1340 755 1381 nun
768 1340 983 1406 quacumque
997 1321 1106 1384 subire

112 1429 216 1494 Patris
233 1431 320 1510 jussa
338 1432 406 1496 tui:
427 1454 595 1519 nunquam
615 1433 685 1496 sine
702 1433 819 1496 vellere
838 1433 935 1497 abibo

113 1543 200 1607 Hinc
219 1567 280 1632 ego
295 1569 304 1624 3
323 1544 516 1634 degenerem
534 1568 595 1610 nec
611 1569 664 1610 me
680 1561 718 1609 tu
734 1545 838 1633 prima
853 1545 978 1610 videbis
988 1579 1010 1610 υ.
1099 1564 1138 1604 ua

158 1647 234 1720 Haec
251 1659 313 1722 ait:
333 1659 385 1722 illa
402 1675 562 1742 tremens,
581 1677 618 1724 ut
635 1661 787 1748 supplicis
806 1659 944 1748 adspicit
962 1684 1017 1724 ora

112 1772 315 1837 Conticuisse
331 1774 409 1856 viri,
424 1777 557 1862 jamque
573 1791 605 1838 et
620 1797 678 1839 sua
695 1776 793 1838 verba
810 1775 951 1861 reposci,

96 1985 152 2030 4²¹·
172 1978 251 2023 Voluit
259 1979 376 2040 pendere,
392 1995 440 2024 non
456 1981 599 2042 expendere,
613 1990 640 2026 ut
651 1980 707 2026 uitat
716 1979 795 2026 Heius.
806 1979 881 2025 Vatia.
895 1980 948 2025 cod.
962 1979 1042 2023 Vetuit
1051 1993 1137 2040 expen-

65 2057 124 2101 dere.
134 2057 226 2102 Bonan.
238 2056 292 2102 cod.
306 2057 388 2103 Voluit
397 2074 434 2104 me
447 2059 582 2121 expendere.
597 2061 662 2105 Junt.
672 2060 758 2104 Mueer.
771 2057 824 2102 ΔΜ.
836 2059 937 2118 lingent.
958 2083 988 2091 -—
1013 2064 1067 2111 aaa.
1082 2059 1136 2101 lam

59 2137 136 2195 jacet.
147 2139 239 2182 Bonan.
252 2137 307 2183 uod.
317 2140 406 2185 Boncn¹
416 2139 434 2184 1.
444 2140 508 2184 lunt.
521 2148 546 2185 et
555 2147 654 2200 posterr.
667 2137 783 2198 usquead
794 2137 860 2183 em.
877 2139 920 2182 Eu.

65 2324 168 2375 mentio
180 2324 252 2376 libro
265 2324 313 2390 vl,
326 2325 354 2376 in
367 2325 509 2378 certamine
520 2344 582 2378 cum
627 2326 680 2377 lent
692 2323 844 2392 omittere),
859 2343 933 2391 quam
949 2341 999 2372 rum
1017 2341 1138 2389 quaerem-

64 2401 186 2472 Scyffiis,
202 2413 228 2456 et
244 2403 332 2455 forsan
344 2404 445 2476 aliquot
459 2405 581 2458 versiculi
627 2422 674 2470 que
685 2406 767 2454 subire
778 2406 861 2454 Patris
868 2406 942 2479 jausu
954 2404 997 2453 tui.

63 2481 363 2537 interciderunt.Libru
373 2485 511 2551 tamen,I‚
519 2490 579 2547 441,
661 2490 723 2555 429.
738 2487 881 2550 Numquam
893 2484 945 2532 sine
956 2483 1047 2531 vellere
1064 2483 1136 2532 abibo

63 2560 88 2611 ei
99 2560 255 2631 praedicitur
266 2581 338 2615 mors
351 2563 379 2615 in
392 2563 513 2635 Scythica
526 2582 581 2616 are·
625 2566 681 2615 hine
700 2582 745 2630 ego
758 2561 829 2628 (huc
849 2580 894 2628 ego
913 2560 941 2611 h.
960 2559 977 2611 l.
996 2558 1070 2611 haud
1086 2560 1138 2611 exi-

63 2658 106 2693 na.
118 2646 173 2692 Ant
181 2644 287 2705 Scythice
297 2657 368 2693 tanta
378 2645 447 2702 inde,
457 2662 490 2694 ex
500 2642 580 2695 altera
625 2661 702 2713 guam
714 2640 869 2712 gravitatem
879 2639 988 2705 habet),
996 2641 1137 2706 degenerem

62 2728 138 2787 parte
148 2758 155 2783 ,
166 2738 268 2779 manus,
279 2720 335 2772 scil.
346 2723 448 2779 cecidit,
460 2720 532 2792 quod
541 2740 582 2773 re·
624 2721 768 2792 ignavum,
783 2718 921 2781 timidum,
934 2738 979 2769 nee
996 2737 1034 2767 me
1050 2732 1076 2768 ru
1084 2722 1138 2784 pri·

63 2796 210 2867 petendum
227 2816 258 2849 ex
275 2798 433 2869 precedenti
446 2817 533 2853 verm.
545 2830 581 2841 -
626 2820 667 2852 mu
676 2802 782 2852 videbis.
792 2797 858 2852 satis
868 2798 970 2851 fortiter
979 2796 1048 2849 dicta
1056 2836 1065 2863 ,
1074 2797 1138 2849 mal-

62 2877 162 2929 Merito
176 2876 299 2948 queritur
309 2878 387 2931 Jason
403 2878 475 2949 quod
488 2881 581 2932 AEeten
624 2879 677 2931 lem
689 2878 773 2948 magia
785 2875 899 2941 blande,
912 2875 986 2946 quud
999 2892 1058 2927 meo
1071 2895 1137 2947 qua·

62 2956 152 3025 primo
170 2955 317 3027 benignum
334 2957 440 3028 (specie
453 2957 580 3027 quidem)
624 2957 759 3028 licumque
779 2955 881 3028 judicio
906 2973 939 3007 eo
962 2964 1084 3025 poterat,
1108 2964 1139 3006 ut

64 3046 208 3105 expertus,
222 3054 295 3089 nuuc
312 3035 444 3088 infensum
463 3034 579 3103 habeat,
624 3036 778 3089 renuntiare
792 3033 863 3087 dicta
875 3033 947 3105 patri
959 3032 1080 3086 Medeam
1093 3051 1137 3085 ro·

64 3115 106 3164 cui
118 3124 174 3165 tam
185 3113 290 3166 naviter
301 3133 376 3166 suam
390 3114 419 3165 in
433 3114 523 3184 praelio
535 3114 581 3169 ad·
625 3128 709 3185 garet.
730 3145 766 3153 -
781 3113 874 3167 Reteui
896 3124 982 3183 potest
1004 3112 1137 3184 Wagneri

65 3210 157 3246 versus
166 3193 277 3265 Scythae
284 3204 465 3265 oppugnantes
473 3212 581 3265 operam
624 3192 755 3265 judicium
766 3210 814 3255 eo,
825 3190 898 3264 quod
909 3190 1033 3243 Medeam
1046 3202 1139 3243 auctor

63 3271 228 3341 praestiterit.
241 3272 292 3325 En.
626 3291 721 3344 supra,
734 3294 762 3325 v.
779 3277 845 3336 108,
859 3271 993 3325 incensam
1002 3270 1139 3323 fiuxitfor-

100 3358 162 3416 4²⁴·
182 3355 308 3410 Iresiam,
324 3352 418 3422 jubere
435 3352 580 3423 potuisset,
625 3350 745 3405 titudinis
756 3362 782 3404 et
793 3350 897 3403 roboria
908 3350 992 3420 specie
1002 3388 1010 3414 ,
1020 3367 1079 3420 quae
1090 3350 1137 3413 da·

64 3450 107 3484 me
127 3434 198 3482 ubire
212 3434 341 3502 perfidum·
358 3435 414 3503 J'um
432 3449 496 3485 vero
515 3452 581 3499 spem
626 3432 699 3486 aunis
710 3450 742 3485 ex
755 3429 873 3482 humeris
888 3440 914 3480 et
929 3440 1003 3499 tergo
1017 3428 1138 3483 abeuntis

65 3513 125 3561 miti
136 3513 288 3576 promissam
303 3530 349 3578 per
365 3530 420 3579 qum
439 3514 581 3562 discrimina
625 3512 787 3582 apparebat:
807 3509 886 3561 talem
910 3506 992 3579 igitur
1015 3508 1138 3559 Medeam

65 3610 160 3650 rursus,
174 3606 260 3649 nova,
272 3604 358 3657 etqua
369 3594 515 3661 Iege,quam
529 3588 580 3641 du·
624 3591 704 3643 fortia
725 3589 809 3661 magis
828 3606 908 3660 quam
929 3585 1025 3646 blanda
1040 3587 1137 3659 juvisse

65 3670 100 3723 ria
115 3668 330 3731 conditionibus,
340 3672 440 3730 reddat,
452 3669 580 3734 exsolvat,
624 3672 705 3722 verba
718 3668 859 3721 verisimile
872 3678 919 3721 est.
933 3667 983 3718 En.

65 3750 143 3799 vides.
376 3750 378 3756 ⁸
429 3794 431 3804 Α
659 3750 789 3812 43ῐ-46ι.
800 3746 894 3800 Medea
905 3744 940 3798 ad
953 3745 1012 3796 haec
1026 3764 1136 3816 respon·

101 3834 163 3897 4²7·
188 3830 335 3877 occumbere
359 3829 475 3887 tandem,
497 3827 518 3879 ei
540 3827 579 3881 ita
623 3826 685 3892 det,
706 3826 868 3898 tandemque
886 3826 982 3878 herbas
1001 3823 1080 3876 tradit
1097 3824 1137 3875 Ja-

67 3904 121 3958 fata
139 3905 223 3958 velint
233 3942 241 3967 ‚
250 3923 392 3972 possumus,
410 3908 483 3971 idque
497 3910 577 3966 sedet,
624 3908 689 3960 soni.
703 3913 828 3968 Tremens,
840 3906 1070 3973 utsrpplicis‚non
1083 3915 1138 3955 tam

67 3984 176 4037 tirmiter
184 3982 258 4055 apud
266 3984 387 4037 animum
394 3985 517 4039 constitui
527 3984 580 4054 (ud
624 3986 814 4056 verbir,quum
829 3987 916 4051 vultu,
932 4002 978 4034 ora
994 3985 1138 4032 conticuisse

66 4061 99 4115 de
117 4067 209 4133 magra,
226 4062 270 4115 vel
285 4067 384 4131 potius,
400 4063 472 4135 quod
493 4064 581 4118 Latini
625 4068 676 4117 rrr'rr'
688 4066 768 4125 videt,
776 4068 882 4134 jamque
901 4079 925 4114 et
945 4082 992 4112 aua
1010 4066 1090 4111 ‘verba
1102 4080 1138 4110 re-

66 4140 137 4198 haud
155 4162 235 4206 raro,
253 4144 292 4195 uti
310 4148 401 4215 μᾶλλον
422 4140 530 4204 Graecis
542 4162 582 4193 so·
623 4146 707 4209 posci,
720 4143 816 4213 cupide
827 4140 1038 4213 exspectari,nec
1051 4142 1137 4207 quibus
