2859 4975
293 393 357 460 350
685 396 988 464 CATALOGUS

296 534 351 583 tur
370 515 509 584 Cometes
516 565 527 598 ,
556 517 682 606 dequo
710 518 1082 586 side‘oommentatores
1103 516 1147 584 ad
1158 520 1227 586 Val.
1246 523 1291 588 n.
1308 524 1329 589 l.
1341 523 1358 589 1.

296 622 446 712 Hyginus
458 624 547 688 solus
563 621 625 710 ipsi
638 622 693 687 dat
704 624 875 709 Pyremum
886 640 1029 712 patrem,
1044 625 1189 713 quiquis
1202 627 1258 711 sit,
1274 629 1360 718 igno·

295 744 405 810 ratur3
431 744 464 792 et
486 730 578 794 locus
603 729 674 795 sine
700 728 803 796 dubio
825 745 1001 817 corruptus
1018 746 1078 796 est.
1104 723 1196 796 Idem
1221 734 1360 823 Hyginus

293 837 432 903 alterum
451 839 622 902 Asterionu
635 852 811 919 memorat,
822 836 991 925 Hyperasit‘
1006 835 1130 919 lilium,
1146 838 1280 906 hatrern
1293 842 1360 908 Am-

295 943 447 1032 phionis3
466 943 524 1008 sed
541 943 595 1008 ille
611 945 754 1008 Asterius
765 942 949 1018 vocandus,
971 959 1009 1007 ut
1023 943 1206 1012 videbimus
1221 969 1312 1030 mox,
1334 965 1360 1011 et

295 1071 394 1135 supra
408 1048 473 1128 jam
489 1049 524 1112 in
532 1047 711 1135 Amplmne
722 1047 913 1129 docuimus,
926 1047 984 1112 ubi
997 1047 1039 1112 de
1051 1049 1181 1116 Pellene
1195 1052 1250 1116 rel
1261 1051 1360 1117 Pelius

296 1175 410 1218 eorum
430 1155 532 1242 patria
550 1155 685 1243 egimus.
704 1154 805 1242 Apud
825 1155 994 1243 Hyginum
1011 1155 1108 1220 etiam
1131 1179 1193 1244 pro
1214 1157 1344 1243 Pyrene
1351 1207 1359 1238 ,

297 1261 413 1346 Pyreto
433 1261 565 1324 rescribi
584 1276 713 1349 posset,
731 1284 798 1349 quo
814 1261 948 1325 nomine
972 1262 1007 1324 in
1027 1284 1138 1350 pugna
1157 1263 1360 1351 Lapitharum

296 1383 328 1432 et
348 1368 585 1432 Centaurorum
609 1367 724 1454 aliquis
748 1382 948 1432 memoratur
972 1367 1061 1455 apud
1087 1367 1268 1450 Ovidium,
1292 1370 1360 1433 Met.

295 1473 351 1542 lib.
363 1475 444 1557 XII,
458 1475 533 1558 449.
544 1470 607 1538 Sed
619 1473 688 1537 haec
698 1472 911 1538 incertissima
922 1495 930 1538 τ
943 1473 996 1536 alii
1009 1473 1096 1538 enim
1109 1496 1223 1541 omnes
1239 1475 1362 1540 &nutu

297 1579 399 1644 filium
420 1580 561 1660 faciunt,
579 1596 616 1644 ut
632 1579 825 1660 Pausanias,
841 1579 897 1644 lib.
911 1580 949 1661 V,
966 1601 1015 1667 ¹7·
1037 1579 1174 1646 Cometes
1187 1581 1288 1648 etiam
1302 1603 1362 1646 me·

297 1703 444 1752 moratur
456 1687 543 1752 inter
553 1685 704 1774 Lapithas
719 1685 857 1766 Ovidio,
875 1685 1066 1768 X111.2ss;
1082 1709 1124 1752 an
1141 1685 1230 1754 idem
1244 1687 1299 1755 ille
1313 1688 1361 1766 sit,

296 1815 364 1856 nou
379 1791 483 1856 audeo
497 1791 675 1871 affirmare3
689 1813 752 1854 nec
765 1791 860 1854 etiam
878 1813 918 1854 an
936 1791 990 1854 ille
1005 1789 1157 1872 Cometes,
1174 1792 1272 1872 cujus
1287 1791 1361 1857 filius

294 1898 457 1964 Sthenelus
479 1896 611 1977 Trojani
637 1896 714 1959 belli
737 1912 885 1984 tempore
910 1896 952 1960 ab
975 1897 1146 1963 Eustathio
1168 1897 1307 1965 affermr
1328 1897 1363 1962 ad

295 2006 431 2093 Dionys.
445 2004 569 2091 Pericg.
583 2003 667 2084 484,
686 2003 744 2090 qui
756 2001 920 2066 Sthenelus
933 2001 1080 2066 diversus
1098 2019 1148 2066 est
1158 2003 1200 2066 ab
1217 1993 1276 2069 iilo
1289 2004 1363 2067 Her·

297 2110 377 2174 culis
391 2107 510 2173 comite
523 2106 558 2170 in
574 2105 780 2195 expeditione
802 2107 994 2189 Amazonia,
1014 2109 1140 2172 Actoris
1156 2105 1249 2187 filio,
1274 2132 1362 2198 quem

296 2215 417 2281 Noster
441 2229 602 2278 memorat
627 2212 683 2278 lib.
697 2211 737 2296 V,
762 2235 805 2300 90
831 2211 908 2300 (ubi
932 2212 1006 2278 vide
1025 2214 1159 2302 notas),
1185 2229 1218 2280 et
1243 2215 1286 2293 ab
1307 2215 1362 2278 alio

296 2322 405 2386 Persei
424 2337 457 2384 et
469 2316 684 2386 Andromedae
703 2315 787 2398 filio,
804 2307 892 2406 apud
914 2318 1020 2384 Schol.
1038 2318 1220 2408 Apollonii,
1238 2320 1274 2399 I,
1292 2323 1361 2407 747.

221 2441 224 2448 '
296 2429 402 2494 Mater
427 2427 601 2491 Asterionis
626 2424 667 2489 ab
696 2424 831 2514 Hygino
858 2422 977 2490 dicitur
999 2425 1167 2511 Antigona
1177 2471 1188 2503 ,
1221 2425 1362 2489 Pheretis
1413 2479 1417 2494 ,

294 2536 377 2617 filia;
392 2532 483 2624 quod
503 2532 733 2622 cognationem
753 2553 830 2595 cum
849 2532 968 2595 lasona
982 2530 1134 2595 ostendit.
1148 2531 1268 2597 Pheres
1283 2534 1362 2595 enim

298 2640 421 2707 Crethei
434 2640 541 2721 frater,
558 2637 643 2703 filius
663 2636 755 2703 AEoli
771 2636 844 2699 fuit.
870 2637 918 2699 Ab
941 2636 1004 2701 hoc
1024 2636 1124 2701 heroe
1143 2630 1263 2719 urbem
1281 2641 1363 2703 Asto

295 2748 381 2812 rium
394 2745 582 2827 Thessaliae,
607 2743 698 2823 cujus
725 2742 908 2829 Stephanus
932 2741 1100 2822 meminit,
1123 2742 1361 2807 denominatam
1418 2791 1419 2794 η

294 2852 396 2921 credit
412 2852 604 2928 Simsonus;
625 2848 830 2936 Stephanus,
851 2848 902 2910 vel
920 2870 939 2910 a
962 2847 1105 2937 fulgore,
1121 2849 1173 2912 vel
1186 2849 1227 2913 ab
1244 2849 1363 2915 Asterio

295 2956 454 3047 quodam,
471 2970 510 3018 ut
527 2970 560 3039 et
577 2952 769 3018 Eustathius
785 2950 981 3015 aBerckelio
997 2950 1168 3017 adductus.

339 3191 553 3261 sarsurus.
579 3192 677 3255 nunc
696 3189 738 3253 as
754 3190 926 3255 suenone
942 3186 1107 3256 diversum
1126 3190 1252 3256 faciunt
1269 3192 1363 3279 spa·
1419 3167 1420 3210 i

294 3305 422 3384 ionius,
454 3304 490 3383 1,
523 3299 601 3387 176,
627 3284 663 3363 et'
688 3296 858 3387 Orpheus,
887 3299 973 3376 2143
1002 3296 1192 3386 Hyginum,
1221 3299 1275 3363 vel
1299 3298 1362 3377 ejus
1419 3303 1420 3340 ἓ

295 3411 461 3490 librarios,
475 3422 675 3498 permutasse
686 3402 773 3466 duos
787 3399 887 3465 modo
894 3400 1045 3475 vidimus.
1059 3404 1085 3466 F
1086 3419 1170 3467 rates·
1177 3405 1362 3493 Amphionis

294 3518 432 3582 dicitur:
457 3536 557 3603 quare
573 3511 678 3601 patria
696 3525 730 3573 et
742 3523 891 3596 parentes
904 3507 942 3571 iis
957 3530 1166 3591 communes,
1192 3532 1301 3598 neque
1314 3510 1361 3573 hic

296 3619 487 3711 repetenda,
502 3639 574 3705 quae
592 3637 690 3703 supra
706 3613 748 3679 de
763 3613 801 3677 iis
817 3611 967 3676 diximus.
982 3612 1114 3676 Omittit
1131 3637 1209 3677 eum
1219 3615 1362 3679 Valerius

296 3732 445 3807 Flaccus,
475 3727 536 3789 nisi
562 3722 652 3813 quod
677 3722 756 3786 Pius
782 3724 857 3786 eiun
885 3718 1052 3783 intrudere
1079 3743 1140 3808 pro
1167 3713 1362 3785 Deucah'one

294 3852 398 3901 tentet
418 3833 473 3897 iib.
493 3834 526 3912 Ι,
544 3854 589 3895 vs.
611 3828 692 3910 365,
718 3829 758 3892 de
779 3849 846 3915 quo
868 3826 902 3888 in
921 3825 1123 3890 Deucalione.
1146 3827 1361 3914 Apollodorus

293 3943 449 4013 Asterium
468 3937 603 4003 Cometoe
619 3934 722 4007 filium
737 3933 830 4013 facit,
848 3930 906 4001 sed
924 3931 971 3995 ihi
985 3930 1161 4019 legendum
1170 3934 1362 3997 Asterronem

294 4048 449 4125 diximus,
469 4066 585 4131 quem,
603 4040 723 4109 omisso
745 4038 888 4118 Asterio‚
914 4038 1021 4104 solum
1048 4055 1217 4104 memorat.
1236 4039 1312 4104 Fuit
1332 4054 1361 4101 et

294 4155 375 4221 alius
391 4152 455 4219 hoc
471 4166 618 4235 tempore
631 4150 791 4223 Asterius,
810 4144 902 4212 Nelei
920 4142 1021 4222 filius,
1045 4142 1145 4214 frater
1166 4143 1312 4210 Nestoris
1332 4158 1361 4207 er
