2859 4975
256 398 640 470 ARGONAUTICON
670 403 757 466 LIB.
775 403 855 468 VII.
1033 430 1095 493 109

73 531 217 595 Colchida
230 554 238 596 ε
252 533 418 598 Caucasiis
435 536 627 622 speculatrix
646 537 734 600 luno
752 536 873 601 resedit
991 581 994 586 -
1058 571 1094 610 ιφ

72 647 230 735 Rupibus,
250 648 404 712 attonitos
422 649 511 713 AEaea
528 651 561 712 in
579 651 697 714 moenia
712 652 821 716 vultrss

72 762 195 850 Speque
212 778 367 850 metuque
390 778 520 846 tenens,
538 781 570 828 et
586 765 694 830 adhuc
709 766 819 854 ignare
834 766 947 831 futuri.
1037 773 1041 778 “

108 877 170 940 vix
185 877 306 966 primas
322 880 449 943 occulta
466 880 580 944 Venus
596 897 805 970 prospexerat
821 905 926 964 arces,

73 993 207 1082 Virginis
222 1011 297 1058 eece
308 1005 416 1058 ‘novus
434 1013 579 1060 mentem
595 996 813 1086 perstringere
828 998 967 1086 languor
1023 1055 1028 1075 ,

72 1107 209 1195 Incipit:
227 1101 428 1198 ingeminant
443 1112 614 1175 commotis
634 1111 804 1200 questibus
821 1128 926 1177 aestus.
1057 1138 1092 1184 ,95

71 1225 151 1312 Ergo
167 1224 419 1290 lterum·sensus
436 1227 541 1290 varios
558 1249 655 1316 super
671 1226 799 1315 hospite
813 1229 946 1293 volvens

72 1338 203 1421 Moeret,
220 1355 253 1403 et
267 1340 393 1403 absenti
409 1339 631 1429 nequidquam
649 1342 723 1405 talia
742 1341 849 1407 latur:

71 1454 122 1517 “Si
139 1453 201 1517 tibi
217 1448 408 1519 Thessalicis
425 1475 531 1536 nunc,
551 1456 578 1518 si
594 1471 650 1518 tua
666 1457 751 1520 l'orte
767 1459 900 1521 venenis

71 1570 180 1652 Mater,
198 1587 230 1635 et
246 1571 330 1652 heu,
346 1571 373 1634 si
388 1591 452 1659 qua
472 1587 534 1647 est,
556 1587 667 1660 posset
682 1585 873 1638 succurrere
887 1578 1023 1657 conjux!

71 1685 197 1768 Quidve
213 1685 395 1776 tuos-virgo
414 1684 536 1773 possim
552 1684 615 1748 nisi
634 1683 710 1749 llere
726 1685 872 1751 labotes?

69 1802 134 1866 lloc
150 1802 246 1882 satis,
261 1803 329 1889 ipsa
345 1801 442 1865 etiam
458 1821 550 1864 casus
567 1815 710 1888 spectare
728 1817 914 1888 supremos,

61 2013 106 2046 roo.
122 2003 187 2049 Nam
199 2002 257 2065 quid
267 2003 330 2062 virgo
340 2012 390 2047 taos
397 2005 488 2065 possim.
498 2004 551 2050 tlt.
564 2031 595 2040 —
611 2019 665 2051 ποι.
677 2007 732 2050 Haec
746 2004 809 2050 satis.
824 2004 877 2051 Ald.
893 2006 960 2066 legs,
971 2023 1012 2052 sec
1026 2011 1091 2054 satis.

36 2079 256 2143 Heins.1pse.Vatic.
269 2090 293 2127 et
302 2083 381 2128 burm.
392 2079 461 2128 codd.
478 2080 522 2129 llic
533 2098 613 2129 versus
622 2083 658 2129 bis
670 2083 757 2144 legitur
769 2082 794 2128 ln
806 2070 860 2129 ootl.
870 2083 946 2130 Vatis.
958 2085 1003 2132 boe
1012 2087 1091 2132 modo.

36 2161 73 2203 Hoc
85 2163 137 2206 sans
151 2163 205 2223 ipse
219 2162 289 2206 ets'trm
308 2177 373 2207 casus
388 2171 488 2223 spectare
503 2177 629 2224 supremos.
646 2164 691 2208 Hei
701 2160 760 2206 mitt
771 2177 813 2208 uec
827 2177 895 2208 casas
905 2165 975 2209 etiam
990 2176 1092 2227 spectare

34 2255 141 2300 supremos,
150 2241 336 2304 Asqsettaam,
346 2249 392 2287 etc.
408 2242 451 2287 En.

37 2435 95 2490 spem
115 2421 187 2474 inter
205 2425 359 2492 metumque
380 2417 474 2472 divim
493 2419 535 2472 Sic
618 2436 676 2470 roo.
690 2420 782 2484 Qrss'dse
793 2433 847 2469 taos
859 2423 932 2489 virgo
939 2424 1033 2489 possim
1045 2427 1094 2474 nui

36 2500 438 2573 omniasibiprtsparavitl'oeta.
572 2503 638 2570 flere
664 2502 783 2549 labores?
811 2498 864 2551 Pro
890 2503 977 2567 quidve
994 2501 1089 2555 Aldina

65 2580 185 2655 193·209.
196 2578 536 2633 Venerisadventumemi-
579 2577 659 2630 habet
677 2596 736 2627 nam
759 2580 837 2644 quid,
857 2578 961 2632 facilius
979 2579 1014 2632 ad
1031 2600 1090 2634 sen·

36 2676 76 2711 nus
85 2660 151 2715 adeo
169 2660 288 2714 sentiam
298 2658 406 2722 Medea,
419 2676 482 2711 cum
492 2658 536 2710 Ja-
580 2655 704 2720 sum‚sed
712 2654 983 2712 sioedelendietiam
991 2672 1089 2730 potest,

34 2755 84 2791 sone
95 2740 221 2807 absente,
235 2752 261 2791 et
276 2756 365 2793 secum
379 2738 434 2810 ipsa
451 2737 534 2810 loqui·
580 2736 647 2789 siita
658 2735 838 2807 interpreteris
849 2753 856 2788 :
867 2736 977 2791 Utinam
985 2738 1028 2791 vel
1038 2758 1091 2793 nra

34 2830 75 2871 tur.
87 2822 137 2871 Vix
147 2823 248 2888 punias
263 2837 346 2878 mss,
362 2816 453 2889 palatii
470 2814 535 2888 regii
579 2828 629 2880 ter,
644 2813 686 2869 vel
702 2814 815 2886 conjux,
825 2817 919 2887 juvare
932 2828 959 2869 te
972 2818 1090 2889 possint,

33 2896 138 2970 ludgis,
149 2901 350 2958 Venasosculta,
360 2895 459 2949 Medea
469 2914 535 2949 non·
579 2895 681 2965 relego
694 2892 762 2947 adeo
772 2894 844 2964 ipsu,
853 2894 901 2947 sed
909 2896 984 2967 virgo
997 2898 1035 2949 nil
1047 2899 1091 2952 ha·

32 2975 84 3031 dam
95 2980 165 3040 risa,
176 2990 357 3046 prospexerat,
367 2992 452 3047 quum
460 2994 535 3027 novus
579 2975 645 3040 beo,
655 2973 705 3026 nisi
717 2972 848 3027 lacrimas.

33 3060 132 3125 languor,
149 3056 331 3119 desiderium,
349 3058 454 3125 utque
469 3074 534 3107 mess·
615 3071 673 3107 aot.
687 3058 741 3103 Hoc
752 3056 813 3103 satis
822 3056 834 3121 (
844 3053 949 3107 mallem
964 3058 1036 3107 haud
1049 3077 1090 3108 sa-

33 3150 71 3186 tem
80 3139 244 3206 permingers
257 3138 349 3205 incipit.
578 3138 608 3185 tis
621 3151 682 3185 cum
695 3130 821 3185 Heinsio:
836 3132 874 3185 sic
887 3134 974 3201 enim,
985 3154 1044 3207 quat
1054 3156 1091 3189 se·

61 3216 115 3283 195.
140 3218 317 3285 tergeminae,
338 3213 534 3285 ingeminantur
577 3209 808 3284 quantur,melius
817 3210 1091 3285 cohnseut):nempe

33 3294 71 3359 (ut
88 3287 159 3367 apud
172 3293 268 3367 virgil.
283 3296 343 3346 AEn.
362 3294 414 3359 IV,
431 3293 493 3358 531,
508 3303 533 3345 et
578 3296 631 3358 ipsa
655 3292 731 3341 etiam
748 3308 819 3339 casus
838 3304 949 3355 spectare
967 3311 1090 3359 cupressos

31 3372 118 3441 alibi),
143 3376 272 3426 commosis
301 3375 422 3440 questibus
445 3386 530 3431 mattas,
576 3366 948 3439 copareomessororisAEtgo
957 3368 1089 3425 hocvult:

31 3449 80 3521 ipso
104 3453 200 3507 dolore
225 3450 415 3525 questibusque
441 3450 534 3505 cusat
577 3447 829 3510 Nessatisest,non
837 3446 1002 3518 permittetur
1011 3450 1089 3515 mihi,

31 3550 104 3585 amor.
577 3527 651 3581 domi
667 3545 772 3580 mecum
785 3525 850 3579 llere
861 3526 1025 3581 imminentia
1040 3531 1090 3585 tibi

60 3615 117 3681 198.
136 3616 165 3664 Si
173 3650 182 3674 ,
202 3611 321 3673 utinam,
335 3612 380 3661 tibi
393 3610 533 3659 Thessalicis
576 3608 711 3679 pericula,
727 3605 774 3659 sed
788 3626 876 3673 soror,
895 3618 925 3659 ut
937 3620 1032 3673 antea,
1045 3630 1090 3665 co-

31 3708 96 3752 none,
112 3690 210 3759 si(sic
221 3688 385 3761 ingeminare
398 3687 478 3740 verba
491 3704 532 3739 so·
576 3698 620 3759 get
629 3698 724 3739 testem
733 3684 868 3739 oculatam
879 3702 943 3737 esse.
964 3718 999 3729 -
1018 3689 1090 3744 Male

31 3767 104 3823 lenus
123 3771 153 3823 in
174 3769 275 3822 aflectu
294 3766 394 3836 animi)
406 3781 450 3817 tua
463 3769 533 3834 sorte
577 3765 635 3819 hnc
643 3763 771 3817 Maserius
779 3764 852 3836 capit
860 3762 893 3816 de
903 3762 1089 3840 Circedequn

30 3853 130 3911 wasme,
159 3848 257 3920 quibus
282 3845 395 3899 multum
420 3844 532 3900 valuisse
575 3842 697 3897 nondum
713 3842 845 3896 somniare
861 3855 964 3914 poterat
977 3846 1087 3913 Medea,

29 3928 159 3983 lhessalas
171 3939 264 3981 notatu
277 3936 327 3987 est,
337 3940 422 3984 nsoter,
432 3939 455 3975 es
465 3927 530 3985 isa,
576 3922 623 3976 sed
636 3921 670 3975 de
684 3922 828 3994 Chalciope
844 3935 917 3976 recte
931 3922 994 3977 Pius
1006 3928 1088 3999 capit,

29 4010 47 4054 si
65 4028 114 4075 qna
141 4022 178 4058 est
198 4005 272 4077 (alte
290 4004 421 4076 suspirat,
442 4002 533 4055 Jasoui
577 4020 655 4074 quas,
671 4001 757 4073 inquit
769 4001 881 4067 Medea,
894 4021 954 4069 me,
972 4017 1001 4057 ut
1014 4020 1088 4073 ante,

32 4085 132 4139 sortasse
151 4089 292 4159 conjugem
309 4101 379 4149 esse,
393 4083 533 4154 cogitans)
578 4082 658 4135 ducet
677 4080 711 4133 ad
731 4080 803 4136 triste
825 4081 891 4135 illud
911 4086 1089 4153 spectaculum

28 4180 103 4227 posset
116 4181 256 4217 neccarrsre
266 4166 374 4231 conjnx!
578 4180 737 4232 pugnarum.
754 4162 797 4226 Sic
806 4163 981 4215 Burmannus.
991 4164 1044 4217 En.
