2859 4975
265 398 311 473 64
534 435 540 441 -
567 398 602 461 C.
626 396 835 464 VALERII
863 397 1042 463 FLACCI

312 526 495 592 Promisere
510 526 614 591 mihil
629 526 726 591 nobis
739 529 849 616 Argoa
864 529 998 617 parabas

312 641 440 707 Scilicet
455 640 586 721 auxilia,
601 656 634 704 et
646 656 752 706 tantas
763 640 962 731 conjungere
973 641 1068 706 vires.

312 758 400 822 Saeva
416 753 550 843 quidem
565 755 646 820 lucis
665 755 791 819 miseris
807 777 918 839 mora,
937 755 1018 820 dent
1033 772 1163 836 tamen,
1180 777 1257 836 oro,

314 874 427 935 Unum
446 870 540 934 illum
557 869 638 933 mihi
653 869 719 933 fata
737 868 845 951 diem,
861 892 929 957 quo
944 871 1032 934 fallat
1046 869 1186 933 Achivos

213 1042 216 1048 .
312 987 364 1051 Sic
380 985 530 1065 meritos,
548 1006 680 1072 quoque
698 984 790 1048 hunc
803 983 931 1048 videam
946 984 1066 1047 virtute
1082 982 1261 1072 superbum
1312 1000 1351 1052 7³⁵

314 1097 517 1180 AEsoniden,
535 1114 642 1163 tantos
658 1096 791 1162 flentem
807 1097 877 1162 sine
892 1097 1019 1162 honore
1032 1098 1192 1162 labores».

358 1214 491 1279 Dixerat
505 1208 593 1294 haec',
610 1226 791 1300 pectusque
807 1210 875 1275 suis
891 1211 1058 1299 everberat
1073 1212 1188 1291 armis,

315 1331 358 1394 Et
374 1328 496 1418 galeam
510 1324 609 1406 fletu,
627 1326 749 1414 galeam
768 1324 965 1414 singultibus
979 1326 1111 1413 implet,

316 1446 388 1509 Ibat
404 1460 437 1507 et
453 1443 487 1505 in
504 1440 603 1507 medii
619 1463 763 1529 praeceps
780 1440 931 1505 incendia
947 1440 1043 1523 hclli,

317 1560 359 1625 Ni
374 1558 465 1648 prior
479 1556 621 1621 adversis
637 1556 740 1621 Pallas
753 1553 887 1619 vidisset
901 1555 942 1618 ab
958 1555 1076 1636 armis,

315 1676 357 1739 Et
370 1696 502 1739 secum:
520 1702 533 1727 «ι
542 1671 621 1735 Ruit
636 1692 710 1734 ecce
728 1670 820 1734 ferox
834 1670 870 1734 in
885 1669 1000 1733 funcra
1016 1671 1147 1750 Perses,

318 1792 428 1874 Quem
444 1772 573 1878 'genitor
588 1786 719 1850 Colchis
734 1786 882 1873 solioque
898 1808 1056 1874 reponere
1072 1786 1178 1854 fratris

318 1908 388 1971 lam
405 1901 526 1967 statuit.
544 1902 665 1966 Nostra
679 1922 795 1963 vereor
811 1920 852 1962 ne
867 1897 981 1963 fraude
995 1915 1201 1988 peremptum

318 2021 485 2107 Increpet,
501 2033 533 2081 ct
549 2016 678 2104 culpam
694 2014 779 2079 hanc
795 2036 915 2104 magno
930 2029 1054 2078 terrore
1067 2014 1259 2102 rependat».

363 2126 440 2200 Hac
456 2133 566 2199 dicens
582 2148 653 2196 atro
671 2130 824 2195 nebulam
841 2129 999 2194 diffundit
1013 2130 1151 2213 amictu,
1313 2152 1353 2203 7ts
1421 2213 1422 2218 η

306 2368 360 2430 733.
377 2369 468 2414 Miseria
484 2366 559 2413 modo.
573 2368 664 2412 Boron.
680 2366 734 2412 cod.
750 2369 842 2412 Bonou.
857 2368 876 2413 l.
892 2368 946 2412 Lus
960 2376 995 2413 est
1011 2369 1100 2414 miseris
1119 2368 1193 2414 modo.
1207 2370 1302 2415 ‘Bonom
1322 2372 1354 2417 ll.

199 2434 201 2439 i
276 2474 307 2485 —-
319 2449 370 2509 734.
385 2446 454 2495 Fellet
469 2462 513 2508 pro
517 2445 600 2508 fallet.
610 2444 686 2492 Vatic.
698 2445 754 2492 cod.
767 2445 848 2492 Fallet.
862 2447 951 2493 Bonan.
963 2446 1016 2494 cod.
1027 2446 1124 2494 Fallere.
1138 2447 1192 2494 Ald.
1208 2448 1313 2502 Fallere,
1331 2459 1356 2497 et

260 2535 343 2575 'versu
354 2543 404 2588 seq.
417 2525 590 2589 quisque-uelit.
604 2529 693 2573 Bonou.
713 2528 725 2572 l
743 2534 767 2572 et
785 2528 816 2573 ll.
834 2529 899 2573 lunt.
915 2529 1001 2574 Mater.
1020 2529 1120 2590 lingent.
1137 2553 1169 2563 ·-
1185 2528 1238 2586 735.
1252 2530 1354 2577 Videam

274 2625 366 2672 quoque
378 2607 444 2654 lunc.
458 2606 512 2654 Ald.
525 2607 569 2652 En.

275 2822 324 2856 nas
343 2802 488 2864 daturum,
505 2801 665 2871 promiseras
685 2801 804 2854 Graeco-¹
834 2814 949 2874 quatuor
960 2800 1104 2855 versiculos
1115 2801 1155 2853 bis
1168 2802 1355 2874 positummou

274 2902 335 2956 rum
348 2881 484 2934 auxilium.
499 2884 612 2932 Scilicet!
835 2882 896 2935 satis
904 2882 1002 2952 placet.

310 2963 372 3033 733.
396 2965 465 3011 Soeea
492 2963 589 3026 quidem
613 2964 673 3012 lucis
697 2965 790 3014 miseris
870 2963 932 3031 738.
953 2965 1058 3012 Galeam
1068 2964 1137 3032 flatu
1161 2975 1186 3012 et
1206 2963 1356 3030 singultibus
1375 2985 1379 3009 t

275 3062 345 3094 ruora
351 3079 360 3103 ,
369 3039 496 3111 longioris
506 3039 563 3092 vitat
571 3038 648 3092 taedet
656 3039 789 3106 infelices,
833 3044 928 3110 implet,
937 3060 1027 3094 secum
1037 3039 1109 3094 dolet
1119 3039 1254 3106 ,dolorem
1261 3053 1355 3097 tamen

274 3127 339 3176 lunc
352 3120 502 3187 tamensem
514 3123 578 3170 diem
592 3122 668 3180 dent,
685 3122 791 3190 quofal-
834 3121 907 3193 galea
925 3121 1006 3192 tegit,
1018 3122 1110 3193 etjam
1122 3120 1150 3173 in
1162 3133 1266 3187 coest,
1281 3135 1313 3174 ut
1325 3124 1356 3176 in

274 3207 313 3254 lat
322 3203 428 3254 Achivos
440 3203 475 3250 sic
488 3204 583 3251 merium
595 3197 685 3269 (deest
693 3219 792 3272 suppo·
835 3200 937 3253 medios
948 3201 1038 3252 hostes
1049 3219 1077 3253 se
1088 3199 1242 3271 praecipitet

274 3283 354 3335 situm
367 3321 374 3346 ,
395 3279 470 3351 quod
495 3292 609 3343 vocant,
630 3297 727 3351 nempe
744 3299 791 3331 rex
871 3289 931 3352 740.
941 3283 1170 3347 Niprioradversis
1179 3285 1263 3332 Pallas
1273 3285 1357 3334 vidis·

275 3367 367 3414 AEetes.
384 3359 477 3431 Aptius
491 3371 581 3412 tamen
596 3360 666 3430 leges
684 3361 740 3426 qui,
754 3377 789 3410 sc.
835 3363 911 3412 retal
920 3364 1009 3420 annis,
1023 3378 1054 3411 ex
1069 3359 1191 3430 opposita
1201 3359 1259 3411 acie
1270 3363 1356 3414 AEetae

275 3440 331 3493 dies
341 3446 367 3511 )‚
380 3459 477 3508 quoque
487 3443 587 3490 videam
597 3439 719 3490 lasonem
733 3452 791 3488 tan-
834 3450 861 3492 et
874 3440 1104 3509 Argonautarum,
1124 3438 1222 3509 quibus
1240 3437 1356 3505 aderat,

275 3536 311 3571 tos
319 3523 436 3590 flentem,
450 3518 581 3571 dolentem
595 3555 602 3580 ,
617 3520 789 3576 sireburnam,
835 3529 861 3570 et
877 3536 983 3572 secum:
1002 3523 1060 3570 Ruit
1069 3522 1094 3569 in
1096 3522 1205 3589 fimera,
1219 3531 1354 3585 mortem,

275 3598 355 3670 digna
368 3598 594 3659 remuneratione,
607 3600 712 3648 labores.
835 3605 932 3660 Perses,
955 3618 1035 3670 quem
1054 3610 1143 3651 tamen
1165 3599 1224 3670 ipse
1248 3598 1357 3670 tupiter

312 3681 372 3748 737.
385 3681 504 3738 Dixerat,
519 3688 545 3728 et
551 3691 639 3746 pectus
655 3680 705 3728 suis
721 3697 789 3728 ever·
833 3679 910 3731 fratri
918 3697 1095 3732 successorem
1108 3677 1256 3732 destinavit.

275 3763 344 3809 barat
363 3760 455 3818 armis,·
475 3757 527 3808 hoc
551 3756 665 3808 voluisse
684 3755 791 3808 videtur
871 3759 1038 3830 743Jereor,
1049 3779 1081 3810 ne
1090 3760 1276 3827 uosuafraude
1287 3797 1295 3823 ,
1305 3757 1356 3810 do·

275 3836 411 3890 Valerius:
422 3853 485 3886 ense
493 3834 563 3886 feriit
572 3835 706 3906 clypeum,
717 3834 790 3906 quod
836 3837 861 3890 lo
870 3838 988 3909 maligno
997 3877 1005 3902 ‚
1013 3853 1164 3907 peremptum
1179 3839 1290 3905 increpet
1304 3838 1357 3889 lu·

276 3917 363 3969 lacere
372 3915 400 3966 in
410 3914 532 3984 praelium
541 3914 717 3984 procedentes
727 3917 791 3987 Scy:
835 3917 915 3990 piter,
925 3931 949 3969 et
958 3923 1055 3988 culpram
1065 3922 1131 3969 lanc
1141 3937 1235 3985 magno
1246 3930 1356 3976 terrere,

275 3994 328 4047 thae
341 3993 462 4046 solebant
479 3998 520 4062 (v.
537 4011 632 4064 supra,
643 3993 694 4046 hoc
704 3994 790 4058 libro,
836 3997 996 4069 gravissimis
1015 3997 1117 4060 verbis,
1140 4001 1272 4067 rependat,
1286 3996 1357 4049 ulci-

276 4091 302 4127 s.
315 4092 349 4142 99
359 4075 386 4140 );
400 4072 489 4125 forsan
503 4084 592 4124 tamen
605 4074 684 4126 aliam
694 4093 791 4146 posue·
836 4088 933 4130 scatur.

274 4165 316 4206 rat
334 4169 427 4208 vocem
443 4163 536 4224 poeta,
549 4170 611 4205 nam
628 4157 703 4206 anais
721 4155 790 4207 intra
871 4155 932 4227 745.
942 4161 1002 4208 Hae
1011 4157 1096 4209 dicent
1109 4170 1162 4206 atro
1173 4158 1262 4206 amictu
1273 4154 1358 4219 indu·
