2859 4975
394 156 406 192 l

416 421 828 490 ARGONAUTARUM.
1096 421 1160 507 329

97 546 214 626 nisttis,
230 544 313 628 filio;
331 543 694 626 videNostrum,Iib.I,
705 565 738 607 r.
750 541 943 629 8233quem
951 541 1162 608 Pianactm

95 666 242 717 vocaturn
262 666 399 716 constat.
423 650 487 716 Sed
509 651 694 716 invenimus
709 647 826 714 lasona
849 647 1001 712 habuisse
1014 669 1162 713 sororem

96 755 280 844 Hippolyten
297 755 384 844 apud
396 755 505 822 Sohol.
523 755 675 845 Apollon.
692 755 726 836 I,
744 753 827 836 286,
840 753 1082 841 quuforteiuit
1093 753 1163 818 hee

26 857 28 922 ὲ
95 863 195 928 deusti
211 883 313 943 uxor,
326 879 359 926 et
368 861 445 928 inde
451 862 524 943 jure
533 861 673 928 Creticis
683 875 793 948 potest
801 859 884 942 dici,
896 860 972 948 quia
984 858 1116 924 AEsonis
1123 859 1162 924 fi·

96 968 133 1036 lia
145 983 176 1032 et
184 967 318 1044 Crethei
329 969 435 1056 neptis
446 967 520 1033 fuit.
533 967 742 1056 Porphyrion
748 987 827 1030 vero
835 965 878 1030 ad
887 966 1012 1030 Horatii
1021 967 1042 1030 l.
1052 967 1075 1030 l.
1083 965 1163 1030 dicit

96 1073 174 1136 hanc
186 1073 379 1161 Hippodyten
401 1073 485 1138 tradi
508 1091 645 1162 nuptam
666 1073 767 1138 finisse
782 1072 944 1160 Eremia
954 1097 968 1152 ;
988 1073 1046 1137 ubi
1063 1093 1162 1160 quem

26 1261 28 1268 y
96 1179 289 1266 Eurypyhcm
302 1180 459 1270 intelliget
471 1180 710 1267 nesoi0,quum
722 1178 866 1243 divorsos
874 1179 975 1243 fuisse
983 1178 1162 1244 viderimus

97 1283 132 1350 ud
146 1281 242 1348 Ouid.
257 1285 335 1349 Met.
343 1275 421 1368 ¹VII,
434 1283 515 1360 363,
530 1302 563 1350 et
576 1286 677 1361 XIII,
692 1283 775 1371 3573
790 1301 878 1349 certe
891 1300 968 1348 ante
982 1282 1090 1350 Acesti
1104 1307 1164 1348 nu·

26 1423 28 1464 ς
96 1391 173 1476 ptias
184 1391 348 1480 Eurypylo
360 1392 507 1479 nupsisse
521 1390 647 1472 debuit,
656 1413 761 1479 quum
773 1391 873 1455 simul
885 1413 960 1455 cum
968 1392 1085 1455 Acasto
1097 1393 1165 1454 iue-

26 1487 27 1494 '
96 1496 134 1560 rit
144 1519 161 1563 a
172 1497 272 1562 Peleo
285 1499 446 1580 occisam
459 1497 543 1562 infra
556 1497 591 1560 in
602 1497 697 1562 Peleo
705 1496 899 1562 ridebimus.
912 1495 1071 1560 Maserius
1080 1519 1165 1560 uxo·

26 1613 28 1624 ’
97 1622 158 1664 rern
172 1602 282 1666 Acasti
299 1617 390 1671 notat
405 1625 423 1666 a
438 1601 537 1666 Suida
549 1603 730 1666 Atalanten
744 1601 825 1684 diei,
840 1600 940 1666 liliam
953 1600 1161 1690 Hippolytes,

26 1713 27 1790 j
97 1704 180 1791 quod
200 1706 356 1772 ultimum
385 1729 445 1794 ego
472 1708 507 1770 in
528 1705 627 1770 Suida
645 1728 712 1770 non
731 1705 819 1788 vidi3
842 1707 929 1770 forte
945 1729 1037 1770 error
1054 1705 1161 1771 Suidae

97 1810 169 1874 inde
186 1827 306 1892 natus,
323 1812 374 1875 vel
406 1812 505 1876 verba
521 1812 625 1900 prima
647 1812 797 1893 turbata,
827 1812 920 1899 quod
944 1812 1137 1895 Astydamia
1148 1861 1159 1892 ,

26 1905 27 1926 ¹
97 1939 174 1982 uxor
197 1919 325 1999 Acasti,
348 1917 498 1986 inciderit
522 1919 556 1982 in
580 1935 724 1981 amorem
744 1919 847 2000 Pelei,
874 1917 954 1981 dum
979 1939 1055 1982 cum
1077 1921 1163 1982 Ata·
1279 1921 1286 1939 ⁸

26 2111 28 2128 .
97 2021 182 2088 ἰαητα
214 2023 251 2086 in
281 2021 366 2088 ludis
394 2022 488 2090 Polite
517 2022 677 2104 decertat,
706 2039 746 2086 ut
781 2022 969 2110 Apollodor.
1004 2023 1057 2088 lib.
1091 2023 1162 2104 III,

26 2131 27 2216 ,
98 2149 161 2214 cap.
183 2129 238 2212 13,
266 2133 284 2208 S
309 2128 338 2193 3.
366 2130 415 2194 Ex
435 2131 553 2218 Acasto
586 2141 660 2192 nata
689 2129 753 2191 luit
776 2129 971 2209 Laodamia,
997 2128 1163 2192 Protesilai

26 2319 27 2324 η
99 2253 190 2315 uxor,
216 2249 255 2296 ut
270 2231 367 2296 tradit
383 2233 551 2321 Hyginus,
575 2232 640 2297 fab.
663 2231 723 2296 103
745 2248 777 2295 et
794 2236 873 2314 1043
889 2250 922 2297 et
938 2233 1017 2297 hinc
1035 2233 1163 2296 Laoda-

98 2341 158 2400 mia
169 2338 257 2427 apud
272 2337 368 2402 Ovid.
391 2339 492 2427 Epist.
511 2341 615 2422 XIII,
634 2338 697 2402 25:

197 2520 251 2571 vix
264 2536 341 2571 socer
356 2517 489 2589 Iphiclus,
501 2520 545 2571 vix
557 2536 600 2569 me
614 2517 768 2589 grandaevus
778 2520 901 2583 Acastus,

232 2607 285 2659 Vix
299 2617 383 2658 mater
394 2604 480 2676 gelida
493 2617 584 2658 moesta
596 2605 690 2657 reiecit
703 2624 782 2677 aqua.

99 2793 157 2857 Ubi
169 2793 311 2858 dubitari
324 2808 446 2882 potest,
462 2817 503 2857 an
521 2810 632 2859 noster
645 2796 783 2859 Acastus
797 2794 1041 2883 intelligendus,
1052 2795 1109 2883 qui
1122 2780 1163 2859 ad

26 2920 28 2963 :
99 2898 169 2963 belli
187 2900 318 2979 Troiani
333 2916 479 2987 tempora
494 2901 679 2987 pervenisse
696 2924 764 2966 non
780 2890 925 2981 videtur,
944 2916 982 2964 ut
996 2902 1062 2981 jam
1077 2916 1165 2965 recte

26 3068 27 3073 ,
100 3006 217 3069 notavit
228 3006 391 3071 Antonius
405 3006 558 3088 volscus3
575 3006 632 3071 sed
644 3030 712 3071 non
727 3005 870 3071 ostendit
883 3022 1009 3090 tamen,
1027 3007 1100 3094 quis
1112 3007 1165 3071 ille.

26 3118 27 3121 ’
99 3111 230 3175 Acastus
247 3112 365 3193 fuerit,
382 3110 488 3177 sedin
504 3132 575 3178 earn
589 3111 783 3177 sententiam
792 3112 917 3176 venisse
927 3112 1073 3192 videtur,
1088 3113 1164 3200 quia

58 3215 63 3221 ’
101 3232 229 3283 matrem
257 3217 450 3300 Laodamia,
471 3240 538 3282 non
563 3216 752 3306 Hippolyten
779 3218 830 3282 vel
847 3220 1086 3304 Astydamiam,
1106 3219 1164 3282 sed
1286 3260 1303 3285 ,ι

100 3322 309 3387 Laodotlteam
326 3324 443 3389 dictam
463 3324 600 3412 reperit;
617 3346 715 3411 quam
733 3323 822 3389 unde
833 3325 980 3412 petierit,
998 3347 1065 3387 non
1078 3324 1164 3388 indi·

101 3430 192 3513 cavit3
211 3431 297 3495 forte
313 3454 353 3495 ex
368 3428 537 3519 adscriptis
553 3430 658 3495 codici
680 3454 741 3495 suo
758 3431 871 3519 glossis
888 3432 941 3494 vel
953 3430 1102 3511 scholiis,
1126 3453 1166 3494 ex

101 3534 214 3619 quibus
239 3537 335 3625 prirni
361 3536 406 3601 illi
423 3536 597 3602 Poetarum
613 3537 823 3625 interpretes,
843 3554 882 3601 ut
900 3536 1082 3619 Domitius,
1099 3539 1163 3601 Ra·

101 3638 189 3723 phael
205 3642 325 3731 Regius
341 3659 373 3707 et
388 3643 461 3717 alii,
480 3665 562 3731 saepe
577 3642 699 3707 bonam
722 3660 874 3707 notarum
891 3666 1024 3707 suarum
1037 3659 1162 3731 partem

102 3742 303 3835 descripsere.
318 3750 412 3815 Certe
429 3765 461 3811 et
477 3750 614 3813 Acastus
631 3749 704 3831 hic,
722 3766 755 3813 et
772 3750 958 3814 Laodathea
974 3750 1057 3815 mihi
1071 3751 1164 3814 inco·

102 3851 177 3936 gniti
205 3871 298 3935 sunt;
317 3853 375 3919 sed
406 3855 433 3919 si
460 3854 541 3917 alius
568 3854 684 3935 fuerit,
717 3857 814 3920 etiam
840 3856 1034 3920 Thessalum
1065 3856 1164 3919 fuisse

102 3956 248 4026 Acastum
270 3960 362 4025 illum
379 3958 496 4042 ereda,
514 3977 553 4025 ut
574 3977 606 4024 et
620 3978 689 4025 erat
704 3961 909 4027 Protesilaus.
928 3961 1097 4045 Quosdam
1114 3980 1163 4025 ta·

103 4080 171 4124 men
198 4065 371 4131 credidisse
394 4070 548 4129 Acastum
573 4064 763 4145 adTrojani
787 4069 863 4131 belli
883 4085 1029 4157 tempora
1049 4090 1163 4155 super·

105 4166 231 4251 vixisse,
249 4188 282 4235 ct
306 4196 325 4235 a
352 4172 462 4254 Peleo,
481 4173 538 4261 qui
566 4173 635 4251 ejus
661 4197 797 4238 uxorem
825 4175 964 4257 occidit,
993 4176 1163 4261 expulsum
