2859 4975
219 414 260 493 54
528 416 565 478 C.
587 410 786 479 vahstau
813 410 988 481 Ftaccl

262 543 381 607 Debita
396 544 526 632 cognati
542 545 660 633 repetit
677 546 735 632 qui
747 546 865 611 vellera
876 546 1015 635 Phryxi3

261 659 292 723 N
294 681 330 722 ec
348 680 438 722 nunc
455 658 551 723 laude
568 660 659 747 prior
675 661 822 749 generis,
842 676 903 726 nec
916 660 1086 760 ,sanguinis
1104 679 1253 748 usquam.

263 774 409 862 Aspicis,
423 790 461 838 ut
476 776 603 865 Minyas
618 774 705 839 inter
717 790 934 865 proceresque
947 780 1073 865 Cytaeos
1254 798 1295 849 ⁵⁹⁵

261 892 388 955 Emicet
402 892 578 981 effulgens,
594 892 791 980 quantisque
802 894 938 957 insultet
950 895 1086 975 acertis3

262 1007 305 1069 Et
318 1005 384 1085 jam
399 1007 470 1071 vela
484 1006 591 1089 dahit,
604 1008 671 1087 jam
685 1008 783 1072 litora
800 1021 911 1073 nostra
926 1010 1109 1097 relinquet,

262 1121 433 1185 Thessaliae
449 1120 551 1185 felicis
570 1138 664 1211 opes,
682 1121 865 1211 dilectaque
881 1123 1011 1212 Phryxo

263 1236 352 1299 Rura
369 1249 500 1323 petens3
517 1252 569 1300 eat
586 1252 685 1324 atque
702 1237 849 1319 utinam,
866 1242 1063 1326 superetque
1080 1237 1224 1302 labores!
1238 1270 1251 1295 υ

263 1352 406 1415 Tantum
424 1352 539 1434 effata,
558 1352 659 1441 magis
680 1354 802 1440 campis
820 1352 990 1419 intendere
1009 1353 1143 1435 suadet,
1255 1374 1300 1413 σω

261 1468 350 1531 Dum
367 1464 475 1549 datur,
491 1466 709 1555 ardentesque
725 1468 786 1531 viri
801 1490 990 1558 percurrere
1003 1492 1139 1559 pugnas.

309 1583 351 1644 At
367 1580 465 1645 simul
483 1581 568 1645 hanc
583 1578 698 1663 dictis,
715 1580 809 1645 illurn
825 1581 885 1646 dea
900 1599 1001 1646 marte
1019 1583 1164 1647 secundo

266 1693 416 1782 Impulit,
432 1709 531 1781 atque
546 1713 645 1759 novas
662 1696 729 1782 egit
747 1695 809 1758 soh
826 1706 957 1783 pectora
972 1697 1067 1761 vires.

268 1810 335 1875 Ora
353 1810 415 1873 sub
432 1810 558 1874 excelso
571 1810 638 1890 jam
657 1809 784 1875 dudum
801 1813 922 1877 vertice
935 1814 1011 1877 coni

268 1924 355 1989 Saeva
372 1925 513 2007 micant3
532 1948 697 2013 cursuque
711 1923 867 2007 ardescit,
887 1949 948 1991 nec
965 1928 1045 2009 tibi,
1062 1928 1177 2012 Perse,
1258 1946 1300 1984 ⁶0⁵

268 2040 338 2104 Nec
351 2034 427 2120 tibi,
442 2040 549 2128 virgo,
560 2039 647 2119 jubae
658 2040 794 2104 laetahile
807 2040 898 2106 sidus
911 2041 1059 2124 Achivoe3

269 2157 354 2219 Acer
364 2170 403 2217 ut
415 2154 566 2218 autumni
577 2155 682 2236 canis,
694 2157 843 2243 iratoque
853 2158 959 2222 vocati

269 2271 321 2338 Ab
332 2274 349 2337 J
351 2294 411 2335 ove
422 2270 533 2335 fatales
545 2270 586 2335 ad
598 2284 696 2366 regua
707 2272 826 2371 injusta
838 2291 981 2339 cometae.

271 2389 341 2453 Nec
353 2410 411 2451 sua
422 2386 599 2451 Crethiden
612 2388 706 2451 latuit
719 2386 793 2472 dea,
804 2390 938 2477 vinique
948 2407 1112 2455 recentem

260 2589 317 2652 594.
330 2588 505 2651 laudepreaor.¹
516 2587 592 2637 Vatia.
610 2589 705 2661 Boron,
721 2592 793 2640 codd.
809 2593 900 2640 Borion.
917 2593 928 2640 l
951 2603 975 2640 et
995 2595 1027 2640 ll.
1046 2597 1109 2642 Junt.
1121 2596 1174 2643 tlt
1188 2599 1236 2645 Ner
1248 2615 1308 2644 aaa·

228 2671 297 2733 gat'as
311 2669 529 2733 quisquam.Vatlc.
544 2669 634 2715 Bonotl.
651 2669 721 2718 codd
735 2681 763 2717 ‘et
775 2670 830 2718 edd.
846 2680 900 2720 aut'e
915 2674 1060 2721 carrionem.
1079 2701 1110 2711 —
1129 2677 1182 2738 596.
1202 2678 1307 2724 Eminet.

230 2752 321 2796 Bouon.
335 2747 388 2795 cod.
408 2775 435 2784 -
453 2746 508 2795 603.
524 2745 613 2794 aurata.
623 2742 730 2806 Vatinio.
747 2761 772 2796 et
788 2743 878 2798 Bondn.
894 2751 996 2800 codices.
1014 2756 1105 2800 Boron.
1120 2757 1130 2802 1
1148 2765 1172 2802 et
1188 2757 1220 2801 Π.
1237 2759 1308 2803 Juut.

229 2829 316 2875 Mater.
327 2825 428 2890 Impulit.
444 2829 496 2874 Jam
512 2820 597 2875 Sabell.
610 2829 653 2873 En.
670 2829 681 2848 ³
747 2843 754 2888 j

232 2997 343 3060 Cytoeas,
357 2983 486 3066 Colchos,
501 2995 591 3044 amicat
600 2982 746 3062 effulgerem
827 2990 889 3054 604.
905 2995 1049 3050 Oratam,
1062 2987 1136 3042 dirus
1146 2989 1253 3055 vultus,
1264 2995 1311 3042 sub

231 3071 260 3138 4⁰
277 3072 313 3124 ob
329 3069 533 3125 fortitudinem:
555 3075 654 3140 quantis
672 3075 748 3124 insul·
792 3072 954 3138 excelsojam
964 3074 1058 3121 dadam
1070 3072 1244 3133 verticeaoni,
1257 3072 1312 3123 sub

231 3167 269 3204 tat
285 3156 394 3206 acervis!
407 3165 475 3226 quot,
488 3140 603 3204 hostium
617 3170 667 3223 pet
681 3163 748 3207 stra·
794 3149 884 3220 galea,
903 3152 1035 3216 iaticum,-
1044 3169 1166 3216 carsuqae
1179 3153 1307 3212 ardeffl'l»

234 3251 279 3303 ges
292 3231 380 3287 victor
392 3229 506 3285 incedit!
778 3231 882 3282 ‘acrius
902 3226 1017 3280 intendit
1036 3247 1162 3292 cursum,
1183 3250 1230 3280 nec
1252 3232 1311 3292 tibi,
1415 3276 1416 3287 ,

271 3299 705 3382 597.Tandemincenditeo‚quod
713 3321 749 3363 ta·
794 3315 884 3368 Perse,
893 3328 939 3359 nec
949 3311 1004 3368 tibi,
1019 3311 1108 3377 virgo,
1116 3311 1186 3378 jaba
1196 3313 1311 3381 Achiva,

233 3391 268 3444 lis
277 3392 327 3443 viri
336 3411 413 3444 usum
429 3389 499 3444 dicat
511 3391 619 3447 brevem
632 3391 752 3442 sutorum
796 3386 919 3440 cristaein
936 3388 1028 3458 galea,
1045 3391 1244 3450 rozadoriam,
1259 3391 1311 3442 tri·
1415 3446 1416 3455 ,

234 3487 305 3523 esse:
316 3473 437 3539 moxjam
450 3475 511 3522 vela
522 3473 604 3530 dabit,
618 3471 753 3521 taessatioe
798 3466 847 3519 stia
859 3463 947 3538 potius
960 3465 1131 3538 portendens.

132 3571 133 3576 ¹
233 3570 303 3620 opes,
315 3549 481 3602 Thessaliam
495 3549 663 3624 opulentam,
674 3566 751 3620 repe·
832 3539 967 3614 607.'Acer
974 3560 1001 3595 ut
1008 3550 1120 3598 aammaa‘
1128 3550 1207 3608 canis,
1214 3547 1312 3613 Sirius,

233 3629 337 3682 titurus.
355 3626 435 3694 Quod
453 3639 483 3680 ut
498 3629 576 3680 bonis
599 3627 692 3680 avibus
713 3626 752 3678 l'a·
795 3634 822 3678 et
841 3638 940 3677 cometae
961 3625 993 3674 ab
1011 3630 1071 3677 Jove
1092 3628 1155 3676 irat'o
1170 3630 1257 3678 vocati
1274 3632 1316 3679 ad

232 3709 299 3771 ciat,
320 3719 395 3780 optes
418 3725 534 3761 mecum.
557 3707 657 3758 Fruere
671 3705 752 3777 igitur
795 3724 876 3772 regna
903 3705 995 3771 injusta
1021 3703 1173 3773 punienda,
1192 3707 1311 3775 fatales,

235 3791 292 3860 ejus
308 3786 453 3860 adspectu,
465 3784 532 3837 dum
541 3785 610 3838 licet.
796 3783 916 3856 tyrannis
929 3782 1072 3853 perniciem
1087 3784 1247 3837 minitantes.
1262 3784 1318 3838 Ea-

267 3871 330 3920 602.
348 3867 471 3926 atvero,
484 3864 524 3915 uti
541 3849 665 3916 Medeam
679 3869 749 3914 Jano
783 3860 859 3920 ‘dem
872 3863 1035 3932 comparatio
1046 3875 1085 3916 est
1095 3863 1234 3935 supra,V,
1246 3866 1311 3934 369.

231 3945 327 4008 dictis,
347 3945 383 3996 ita
397 3943 414 3994 J
415 3960 523 3994 aeonem
535 3957 613 3994 marte
626 3945 750 4005 secando,
831 3945 892 4010 609.
903 3947 957 3994 Nec
970 3964 1017 3994 saa
1030 3947 1172 4005 Crethiden,
1186 3948 1312 3997 Jasonem

230 4023 301 4077 felici
316 4021 512 4099 certaminum,
532 4039 590 4094 que
611 4007 751 4094 hucusque
795 4020 868 4090 (vid.
879 4007 948 4074 Tah.
965 4023 1118 4095 genealog.)
1126 4061 1135 4087 ,
1154 4027 1226 4075 latuit
1243 4029 1310 4087 dea,

232 4103 343 4167 inierat,
364 4112 479 4165 eventu,
494 4105 602 4171 impulit,
619 4118 693 4171 atque
706 4124 751 4154 no·
794 4102 877 4155 sensit
890 4121 946 4153 eam
965 4101 1015 4154 sibi
1031 4098 1140 4167 adesse,
1154 4102 1265 4167 lavere,
1279 4124 1314 4155 ae

232 4203 274 4236 vas
285 4186 336 4250 egit
344 4184 387 4233 sub
396 4194 496 4250 pectora
505 4184 582 4234 vires.
796 4202 823 4232 se
834 4201 906 4251 saqrer
918 4185 1023 4249 agmina
1034 4185 1109 4244 tollit,
1126 4193 1231 4235 tantum
1245 4182 1313 4235 emi-
