2859 4975
279 415 344 482 306
712 411 908 476 ORPHEI

320 544 396 610 Non
415 543 534 608 invicta
549 540 666 606 darent
681 541 883 606 Colchorum
899 558 1032 630 pectora
1049 564 1170 630 poeuas.

365 659 464 723 Nunc
481 671 608 738 autem,
625 656 766 737 Mussee,
782 656 843 721 tibi
859 656 1087 744 praestrimero
1106 657 1216 724 moesti

321 773 437 856 Qualia
452 771 647 860 pertulerint
664 770 803 858 Minyae,
822 786 895 835 tum
912 770 998 859 regis
1011 753 1061 836 ah‘
1068 771 1141 837 aula

320 887 423 954 AEetae
436 886 566 954 rediens
585 908 718 976 pugnax
731 902 805 973 quas
823 884 943 952 dixerit
958 888 1080 975 Argus,

319 1004 430 1087 Quem
445 1001 578 1091 Phryne
594 999 637 1066 de
653 1015 745 1089 petre
760 999 837 1066 tulit
853 1000 917 1068 sihi
930 1000 1044 1080 juncte
1059 1001 1168 1089 puelle

319 1117 495 1205 Chalciope
511 1116 545 1180 in
563 1113 674 1205 patriis
688 1112 827 1194 laribus,
843 1136 911 1200 quo
927 1129 1076 1203 tempore
1092 1130 1205 1184 vestus
1245 1173 1253 1188 Ι

315 1232 435 1298 Arietis
453 1231 488 1294 in
504 1247 596 1319 tergo
612 1228 815 1294 Colchorum
833 1227 875 1294 ad
891 1228 990 1294 litora
1002 1230 1102 1297 venit.

317 1345 457 1411 Nuntiat
471 1343 526 1410 bie
541 1342 663 1434 Minyis
679 1354 753 1430 quoe‘
770 1357 849 1411 sunt
862 1357 1003 1414 ventura
1019 1342 1153 1431 superbi

317 1461 460 1527 Stultitia
474 1459 577 1526 AEetee
593 1459 750 1538 melereto
766 1472 800 1524 et
816 1473 948 1546 pectore
964 1459 1066 1548 regim

305 1579 427 1664 ‘thue
442 1574 578 1663 puellari
593 1573 705 1640 infelix
723 1588 840 1642 uratur
855 1595 967 1638 amore

315 1691 446 1773 Medea,
470 1706 568 1779 atque
583 1704 657 1754 astu
672 1687 812 1754 lunonis
831 1703 926 1782 capta
940 1687 1085 1756 feretur:

314 1806 465 1895 Namque
484 1802 669 1893 Cupidineo
689 1817 824 1891 torquet
836 1803 950 1872 Venus
963 1803 1040 1892 igne
1052 1803 1231 1886 medullas,

318 1921 536 2014 Proximisque
550 1919 636 1984 hene
654 1917 767 2006 Stygio
784 1900 992 2000 telotrsjeeit
1004 1920 1164 2010 Erinnys3

313 2039 425 2126 thue
441 2036 542 2100 hoves
560 2035 673 2124 ignem
690 2033 850 2122 spirantes
867 2033 930 2100 suh
943 2033 1024 2123 juga
1039 2036 1127 2102 misit

315 2149 524 2235 Quadrilida3
542 2165 581 2216 ut
598 2148 689 2216 sulco
705 2147 845 2230 dederit,
862 2172 936 2237 qus>
950 2149 1075 2223 semina
1090 2150 1243 2239 Pbryuus

314 2269 481 2350 Cesserat,
496 2265 598 2331 AEetae
611 2265 746 2332 veniens
762 2264 900 2332 bellator
915 2265 957 2334 ad
972 2267 1097 2348 aulam,

311 2382 511 2472 Anguigenis
528 2380 640 2446 dotem
657 2379 814 2446 bellaoem
830 2404 849 2446 e
865 2380 1019 2450 dentibus
1035 2398 1156 2465 actem3

313 2502 454 2564 Exosam
470 2512 509 2562 ut
526 2513 669 2586 segetem
686 2518 833 2563 summas
850 2496 972 2589 oceidit
987 2498 1098 2567 aristas

311 2615 456 2679 Funesta
469 2609 587 2677 Medea
605 2632 721 2693 manu,
738 2609 797 2675 sed
812 2610 915 2699 gloria
930 2612 1007 2678 faeti

312 2727 452 2793 Cesserit
464 2724 650 2809 AEsenidaes
664 2726 807 2793 tenebris
823 2742 861 2793 ut
877 2728 983 2795 noetis
1000 2749 1108 2816 opaooe

310 2842 445 2908 Venerit
459 2840 611 2909 infaustis
627 2842 719 2929 pullo
736 2842 896 2909 velamine
910 2857 996 2910 tecte
1055 2895 1059 2905 .

311 2958 487 3046 Auspiciis,
503 2957 617 3033 furtim
634 2954 774 3021 flammae
792 2955 866 3022 data
882 2957 976 3047 virgo
991 2957 1130 3041 furenti,

314 3077 358 3139 Et
371 3073 466 3163 petiit
481 3073 600 3149 celsam
617 3071 691 3137 fetis
708 3071 906 3162 urgentibus
919 3073 1026 3162 Argo,

314 3191 428 3272 Quum
452 3186 575 3265 nullius
594 3201 663 3255 erat
682 3210 752 3254 non
768 3188 825 3255 irre
839 3211 917 3255 eura
935 3204 1096 3276 patorue3

312 3307 357 3370 Ut
375 3304 543 3392 complexa
557 3302 618 3369 viri
634 3302 798 3369 formosos
816 3303 957 3370 neribus
971 3320 1082 3386 artus,

311 3422 513 3506 Pectoraque
529 3434 705 3485 ettreotans
723 3417 860 3501 blande,
884 3420 995 3485 oscula
1011 3419 1080 3485 lixit
1097 3421 1236 3502 amanti,

309 3538 511 3601 Humectans
531 3532 685 3622 lacrymis
702 3532 930 3622 stagnantibus
946 3555 1018 3615 ora,
1035 3532 1210 3624 pudorque

270 3712 272 3717 .
310 3650 449 3730 Omnis,
471 3670 583 3715 amore
597 3646 678 3729 riri,
695 3648 811 3729 cessit,
828 3670 1049 3743 percussaque
1063 3648 1211 3737 philtris,

306 3766 501 3854 Virgineum
516 3763 629 3831 sunsit
644 3786 784 3851 poscens
801 3763 970 3851 hymeuaee
986 3763 1168 3852 pudoratus

307 3882 405 3961 Plura
422 3880 536 3961 etiam,
554 3878 614 3947 sed
626 3900 768 3967 qumque
781 3901 844 3945 suo
863 3902 941 3952 mox
956 3878 1073 3944 ordine
1090 3877 1205 3947 disses.

354 3998 442 4085 Ergo
457 3995 517 4059 ubi
534 4010 617 4063 teuta
636 3994 728 4059 ferox
744 3993 860 4062 Medea
875 4011 1008 4084 paterna
1022 3994 1169 4082 reliquit,

306 4113 404 4177 Venit
421 4129 454 4177 et
468 4111 509 4177 ad
526 4104 794 4201 puppim‘gressu
808 4135 966 4200 suspensa
981 4113 1111 4193 latenti,
