2859 4975
287 396 350 475 304
712 397 917 462 ὈΒΡΗΕῙ
996 437 1000 444 -

330 532 541 618 Heroumque
557 532 698 608 animas,
722 548 886 620 quotquot
905 554 964 620 per
982 530 1102 596 flumen
1113 533 1281 600 oberrant.

371 644 452 709 lnde
469 646 535 710 suis
552 646 678 741 jubete
695 647 842 710 thalamis
857 646 1011 712 accedere
1027 663 1132 730 natas,
1308 652 1343 716 ul

330 761 558 849 Chalciopem,
575 777 608 826 et
626 779 719 826 natos
730 762 862 851 Phryxo
876 764 942 842 jam
958 763 1098 853 conjuge
1115 762 1285 852 adempto,

328 873 369 937 Et
383 890 527 939 teneram
542 874 644 938 forma
658 876 835 966 insignem,
851 878 1027 965 vultusque
1043 877 1164 941 rubore

326 986 494 1069 Medeam,
510 1005 548 1052 ut
560 1011 659 1052 curru
679 1005 779 1054 vectae
792 990 992 1055 comitentur
1003 1006 1154 1085 euntem,
1227 1025 1231 1032 ·

326 1101 410 1166 Nam
425 1102 530 1166 media
544 1102 704 1190 Absyrtus
720 1104 836 1190 procul
851 1097 930 1168 hinc
945 1103 1111 1168 habitabat
1125 1105 1159 1167 in
1175 1104 1268 1169 urbe.

327 1221 454 1282 Aureus
461 1241 536 1296 ,una
548 1219 657 1306 ipsum
671 1241 785 1283 crrrrus
803 1235 957 1307 natasque
972 1220 1094 1284 ferebat
1313 1251 1348 1289 n⁰

323 1311 457 1396 xAEetem
469 1356 478 1413 ;
492 1331 547 1396 hic
563 1331 676 1420 rapido
688 1355 787 1397 cursu
802 1332 949 1397 sublimis
968 1355 1129 1421 equorum

324 1447 440 1508 Fertur
456 1445 627 1510 arundinei
649 1447 759 1511 fauces
782 1446 823 1511 ad
839 1445 983 1511 fluminis
996 1469 1006 1528 ς
1022 1446 1088 1511 illic

274 1575 278 1582 '
323 1562 421 1626 Ferre
437 1583 549 1650 preces
566 1562 675 1650 patriis
693 1561 799 1628 undis.
809 1579 842 1626 et
858 1561 946 1626 sadra
966 1562 1123 1628 solebant.

369 1676 434 1738 Has
449 1691 557 1738 autem
578 1674 619 1738 ad
635 1676 720 1764 ripas
734 1698 832 1740 cursu
847 1691 1038 1764 pervenerat
1048 1676 1146 1764 Argo.

323 1788 415 1852 Hanc
432 1811 509 1878 ergo
521 1782 633 1854 AEete‘s
650 1790 838 1878 conspexit,
859 1806 892 1854 et
907 1789 1022 1856 ordine
1034 1791 1156 1871 multos
1312 1813 1347 1865 „s

323 1903 446 1966 Heroas
462 1925 528 1967 uua
542 1904 576 1967 in
593 1903 706 1968 mediis
721 1903 891 1969 considere
907 1906 1070 1985 transtris,

323 2015 380 2081 Dis
397 2017 516 2081 similes
529 2040 538 2082 t
556 2041 631 2082 nam
645 2031 778 2107 pectora
796 2035 889 2083 erant
901 2041 960 2082 sua
975 2017 1142 2107 splendida
1162 2019 1289 2106 cuique.

321 2131 444 2196 Verum
460 2133 546 2197 inter
562 2149 699 2198 cunctos
711 2151 866 2222 praestans
879 2133 1004 2199 excellit
1020 2135 1115 2198 Iason
1131 2157 1139 2196 ε

322 2247 407 2314 Huic
424 2249 544 2312 etenim
561 2249 647 2313 luno
666 2247 812 2314 divinum
832 2247 954 2314 afflarat
976 2248 1156 2330 honorem,

291 2340 294 2354 ⁸
321 2365 363 2427 Et
381 2361 514 2427 dederat
531 2363 686 2456 formam,
703 2381 736 2428 et
748 2386 884 2453 procero
901 2366 935 2428 in
954 2386 1090 2452 corpore
1108 2365 1222 2430 robur.
1307 2386 1347 2425 ευ,

324 2479 436 2562 Quum
452 2479 589 2568 propius
606 2497 743 2562 starent,
760 2481 948 2567 alternaque
964 2480 1085 2544 lumina
1102 2481 1227 2547 ferrent

320 2594 431 2659 AEetes
447 2594 653 2683 Minyaeque,
677 2595 807 2683 graveni
824 2595 897 2656 tulit
913 2594 960 2657 ira
978 2593 1136 2659 dolorem.

320 2711 364 2774 At
385 2710 476 2798 prius
488 2710 599 2775 AEetes
617 2707 819 2799 splendenti,
837 2710 981 2774 Phoebus
996 2727 1034 2775 ut
1048 2711 1137 2790 alter,

319 2825 346 2887 E
364 2846 464 2887 curru
480 2839 594 2887 aurato
609 2823 708 2911 longe
726 2820 871 2887 radiabat
885 2824 1022 2907 amictu,

320 2940 412 3003 Serta
427 2954 525 3025 caput
542 2936 665 3000 circum
683 2934 781 3000 radiis
797 2936 986 3003 ardentibus
1003 2939 1049 3011 illi
1306 2963 1341 3003 us

310 3053 516 3145 'Ambibanu
536 3066 770 3140 sceptrumque
788 3076 888 3117 manu
906 3054 1073 3142 quatiente
1086 3056 1241 3131 movebat

319 3170 390 3234 Ceu
403 3168 532 3256 fulgur,
550 3166 754 3256 geminaeque
769 3168 853 3233 latus
868 3169 997 3233 cinxere
1010 3170 1124 3257 puellae

317 3285 527 3364 Praelustres;
549 3282 710 3372 gaudebat
724 3284 812 3347 enim
826 3284 1058 3349 comitantibus
1069 3283 1140 3349 illis.

316 3398 482 3462 Terribilis
495 3421 591 3481 vero,
609 3414 642 3462 et
659 3413 753 3461 torvo
766 3420 901 3486 quoqne
911 3397 1034 3461 lumine
1046 3414 1212 3487 spectans,

315 3512 467 3581 Crudeles
488 3516 645 3579 clamante
661 3512 765 3574 minas
785 3512 925 3575 excussit
942 3512 984 3576 ab
1000 3536 1080 3577 ore:
1306 3534 1341 3568 u·

359 3660 371 3684 a
386 3630 490 3694 Dicite
507 3628 640 3715 quinam
653 3626 745 3707 estis,
756 3627 808 3690 rel
819 3649 891 3713 quae
905 3650 963 3691 vos
976 3627 1069 3693 duxit
1081 3630 1226 3719 egestas?

320 3743 416 3808 Unde
432 3745 529 3809 etiam
547 3764 650 3805 causae
664 3742 800 3804 fuerunt
815 3764 886 3805 mea
904 3764 1002 3831 regua
1015 3744 1174 3831 petendi?

316 3863 399 3927 Nam
417 3881 525 3946 neque
541 3856 614 3936 jura
630 3856 695 3920 mei
714 3838 821 3944 regni,
837 3880 898 3921 nec
916 3874 1042 3946 sceptra
1060 3859 1179 3923 timetis

313 3978 533 4055 Colchorum,
554 3989 610 4037 aut
632 3972 742 4036 studio
764 3970 927 4062 flagrantia
946 3976 1217 4061 pestoranostri,

312 4094 377 4175 Qui
397 4066 497 4153 marte
516 4087 688 4170 indomiti,
711 4089 839 4175 quoties
859 4087 901 4153 ad
924 4089 1007 4153 bella
1026 4107 1195 4171 vocantur,
1308 4114 1343 4152 us
