2859 4975
140 333 148 374 Ι

306 416 434 483 NOVI
470 417 721 503 EDITORIS
751 419 912 486 NOTAE.
1085 445 1146 490 221

93 550 191 603 quornm
205 541 356 584 commenta
369 547 454 599 quum
472 547 628 584 enumerare
646 532 757 604 longum
775 544 858 598 esset,
872 550 903 585 ea
917 542 1007 584 tamen
1019 533 1151 603 efferam,

94 635 142 687 que
154 617 235 670 lucem
254 611 399 687 qnamdam
411 611 552 668 effundere
567 614 701 669 ridentur.
718 618 753 669 Et
765 617 891 670 Heinsius
906 614 1013 688 quidem
1027 620 1152 692 conjicit,

93 701 141 752 vel:
160 707 251 768 Perque
264 713 329 750 rates
343 700 448 765 supplex
461 701 480 749 it
496 702 595 768 remigi,
613 715 638 751 et
653 703 711 751 inde
728 704 869 771 magistrisr
882 699 941 766 vel,
957 706 1005 752 Ter
1015 719 1105 770 quater
1114 707 1153 758 lu's

92 788 180 851 nrpplea
199 803 254 834 uox
274 784 346 851 erigit
365 784 409 832 illa
430 785 570 851 magistros.
588 783 738 838 Withofius
755 785 890 854 (kritisclse
899 787 1018 838 Anmerk.
1030 785 1153 841 Diisseld.

94 885 160 936 1799,
181 872 215 919 St.
226 866 253 930 5,
275 872 301 919 S.
312 865 384 933 48):
405 870 498 934 Perque
517 881 584 918 rates
604 870 708 935 supplex
722 870 795 918 uolat
809 881 835 918 et
846 869 939 935 premit
955 869 997 919 ille
1015 872 1153 938 magnares.

91 950 169 1004 Liceat
180 962 205 1003 et
216 949 284 1002 mihi
294 947 431 1002 hariolari
449 947 521 1014 Quid
536 949 559 1002 si
573 949 662 1021 legas:
676 957 773 1018 Perque
788 965 854 1000 rates
865 968 916 1000 una
932 966 968 1001 ese
980 969 1031 1004 vox
1046 952 1154 1025 remigis

92 1046 156 1098 atque
167 1034 296 1100 magistri?
304 1031 337 1082 ln
350 1047 406 1101 quo
416 1027 439 1081 si
450 1027 532 1082 falsus
547 1044 625 1095 snm,
637 1038 734 1102 πρῶτον
746 1026 835 1101 iside<
847 1029 874 1081 in
886 1047 919 1081 eo
932 1028 992 1094 luit,
1004 1043 1034 1084 nt
1045 1029 1097 1085 hae
1109 1032 1156 1085 tali

91 1118 231 1188 conjectura
243 1126 299 1168 tota
312 1113 397 1167 oratio
408 1113 495 1184 aptius
505 1113 574 1168 neoti
586 1132 664 1185 posse
672 1113 811 1168 videretur
821 1113 1015 1186 :Absyrtum
1024 1116 1084 1183 285,
1095 1134 1156 1169 ora·

90 1210 154 1250 verat
165 1198 235 1252 suos
245 1200 315 1270 ;jam
325 1214 404 1260 vero,
414 1194 478 1267 qnid
491 1196 535 1249 his
550 1196 674 1270 precibus
686 1195 815 1252 ellectum
827 1208 910 1262 esset,
920 1215 1029 1252 narrare
1039 1199 1155 1254 voluisse

90 1289 180 1348 metam
193 1279 318 1350 opinatus
328 1295 398 1330 sum.
412 1274 536 1329 Offendit
546 1275 575 1327 in
584 1276 678 1347 primis
691 1281 719 1332 sl
733 1281 838 1345 supplex
847 1277 884 1328 ob
894 1276 1047 1348 procedens
1062 1298 1157 1340 oransr

89 1365 172 1435 rejecta
185 1363 268 1434 igitur
277 1361 373 1414 litera‘s
381 1377 440 1431 quse
452 1359 551 1414 librarii
565 1359 666 1414 incuria
686 1377 720 1414 ex
732 1375 794 1412 ratu
804 1359 926 1431 sequenti
939 1360 999 1412 voci
1013 1359 1157 1416 adhaesisse

90 1444 226 1509 ridebatur,
247 1444 381 1514 habebam
403 1447 506 1513 uppleu,
523 1441 596 1496 unde
617 1442 702 1498 facilis
720 1440 845 1496 transitus
862 1441 898 1496 ad
917 1463 968 1496 una
986 1460 1036 1506 est,
1047 1457 1097 1500 etc.
1112 1446 1157 1501 sie

89 1528 217 1593 stiam,ita
228 1529 373 1602 putabam,
385 1545 448 1582 oum
464 1545 488 1578 s.
506 1525 556 1597 287
572 1527 656 1579 oratio
675 1525 771 1580 melius
789 1525 923 1580 eoheret:
944 1527 1074 1600 Absyrtus
1097 1541 1157 1584 oret

89 1612 161 1686 r'uos:
175 1632 230 1666 una
242 1611 388 1683 eademque
397 1629 448 1668 vox
457 1611 613 1684 obsequiosa
622 1622 662 1664 est
669 1610 789 1663 omnium
799 1650 808 1675 ,
819 1629 869 1664 nee
879 1629 945 1665 voce
954 1622 1059 1664 tantum
1066 1631 1157 1685 prom·
1170 1665 1180 1678 ,

88 1696 240 1767 ptitudinem
254 1694 390 1749 declarant
399 1731 408 1757 ,
418 1693 465 1747 sed
480 1712 575 1748 manus
590 1694 678 1746 statim
693 1692 839 1748 admovent
853 1694 947 1767 operi,
960 1698 1102 1764 intorquens
1114 1717 1157 1750 ua·

89 1781 147 1838 dun,
160 1792 208 1833 ete.
222 1778 416 1832 Consulueram
427 1788 453 1830 et
465 1777 500 1830 el.
514 1781 629 1845 Ruperti,
643 1777 705 1848 qui,
716 1778 845 1848 qnoniam
857 1779 1007 1832 Burmanni
1016 1779 1103 1834 ‘oodex
1113 1781 1159 1834 lsa-

88 1861 125 1913 bet
139 1866 235 1914 venilia
254 1864 396 1930 magistros,
412 1861 450 1914 ita
469 1862 559 1914 forsan
577 1859 721 1932 legendnm
737 1861 884 1916 existimat:
901 1869 999 1931 Perque
1013 1868 1073 1916 ratis
1089 1881 1159 1934 urges

28 1979 31 1990 ·
88 1946 198 2012 (excitat,
208 1946 311 2014 incitat)
320 1964 411 2006 remos,
423 1945 450 1998 h.
461 1965 483 1999 e.
490 1944 603 2017 remiges
613 1983 620 2009 ,
631 1965 686 1996 uox
696 1949 752 1997 alea
760 1948 885 2014 magistri,
896 1963 949 1998 vox
959 1945 1029 2000 clara
1037 1947 1158 2003 hortato-

87 2025 118 2077 ris
128 2026 273 2098 remigum,
283 2031 423 2081 κελευστοῦ.
437 2023 527 2089 Quam
540 2022 769 2090 emendationem,
778 2022 878 2078 oodicis
891 2023 991 2096 quippe
1003 2029 1160 2082 auctoritate

88 2105 219 2176 firmatam,
230 2127 295 2163 mese
305 2106 500 2181 proferendam
510 2126 566 2161 esse
577 2116 671 2178 sponte
682 2107 833 2180 lubensque
845 2109 938 2162 fateor.
947 2108 1159 2183 s-SieWagne·

29 2228 31 2242 .
87 2209 133 2245 nrs.
142 2193 190 2247 His
198 2192 329 2246 addemus
338 2194 520 2264 conjecturam
529 2190 645 2261 Adolphi
657 2196 759 2242 Dureau
768 2194 800 2242 de
810 2196 924 2245 umal&
931 2190 969 2246 sio
978 2192 1159 2250 emendantis:

87 2281 173 2346 Perque
184 2281 250 2330 ratis
261 2282 366 2347 supplex
375 2275 468 2328 remeat
477 2296 531 2330 voa
544 2278 589 2328 illa
602 2278 742 2344 magistros.

117 2439 151 2491 V.
162 2438 224 2509 307.
247 2443 305 2491 Non
324 2457 375 2489 uua
397 2428 488 2505 Minyae
499 2438 638 2507 fumidiae
656 2448 767 2506 surgunt.
779 2465 814 2475 -
827 2440 885 2487 Non
904 2455 955 2489 una
967 2435 1031 2492 Pius
1048 2438 1161 2513 explicet

89 2528 208 2576 conmuni
214 2562 223 2585 ,
237 2523 405 2575 Burmannus
415 2526 499 2573 uaria.

23 2726 24 2729 Ἴ
118 2670 151 2722 V.
163 2672 227 2725 312.
240 2675 276 2722 Ar
288 2672 333 2721 sibi
348 2689 405 2737 quse
421 2673 538 2721 scelerum
548 2670 645 2738 ficies,
659 2671 762 2729 Medea,
780 2678 901 2720 tuorum?
916 2700 953 2709 -
968 2669 1083 2742 Insignis
1101 2692 1162 2745 apo-

87 2754 205 2825 strophe,
219 2753 318 2806 alfectn
330 2752 426 2824 plena,
439 2763 466 2804 et
479 2750 574 2825 grandi
587 2769 693 2805 morum
707 2750 870 2805 documento
883 2753 1044 2824 gravissima.

117 2908 150 2963 V.
163 2871 228 2980 3i9.
242 2912 322 2961 Haud
330 2899 390 2960 sinit
402 2922 514 2959 extrem
527 2912 625 2976 Minyas
635 2911 872 2977 decernerepugna,

244 2997 297 3045 Nee
308 3011 409 3044 nrsmere
420 2994 539 3061 quoniam
553 2995 656 3054 Colchas,
668 3012 713 3043 nee
719 2995 852 3062 puppibus,
867 3012 961 3061 requos.

88 3118 181 3173 ·1stud
198 3120 330 3188 quoniam,
346 3117 621 3190 inquit·nguerus,
635 3116 726 3171 locum
740 3117 842 3172 habere
858 3138 913 3172 non
929 3131 1032 3191 potest,
1049 3138 1099 3174 neo
1113 3141 1163 3193 pro
1225 3190 1230 3197 ¹

87 3222 181 3272 nempe,
201 3205 318 3255 nimirum
335 3202 456 3275 posnine
474 3200 624 3256 censendus
643 3213 682 3255 est
695 3200 828 3255 Valerius.
847 3201 949 3257 Aldina·
964 3203 1045 3257 habet
1063 3224 1163 3259 cernens

89 3290 193 3349 caulis,
215 3286 291 3359 quod
309 3287 343 3341 ad
365 3305 472 3341 sensum
491 3285 592 3359 optime
613 3284 745 3357 quadrat,
767 3286 819 3339 boe
839 3297 930 3341 tamen
953 3288 1037 3341 habet
1059 3289 1160 3343 inoom·
1196 3346 1200 3355 ¹

87 3371 169 3441 modi,
183 3370 259 3445 quod
274 3371 407 3425 ¹versiculo
419 3372 539 3445 proxime
555 3370 729 3425 antecedente
742 3373 886 3433 decernere,
903 3371 1025 3442 proxime
1044 3376 1164 3445 sequenti

88 3460 160 3509 cernis
171 3468 330 3510 occurrunt,
346 3455 439 3509 Malim
460 3455 539 3527 igitur
558 3455 710 3508 Burmanno
730 3452 873 3518 accedere,
895 3455 944 3527 qui
962 3475 1045 3523 aequos
1067 3459 1166 3513 mutari

85 3541 156 3616 jubet
164 3542 194 3594 in
205 3543 284 3609 aequi,
296 3540 339 3594 oui
350 3541 372 3595 si
382 3541 563 3612 obtemperes,
574 3538 685 3593 retineri
695 3542 815 3608 quoniam
825 3550 921 3612 potest.
938 3539 1067 3594 Fortassis
1078 3542 1167 3615 legere

88 3624 161 3676 etiam
177 3641 261 3695 queas
272 3626 386 3692 jamjam.
398 3624 594 3677 n—Burmanni
606 3634 697 3676 uotam
715 3622 745 3675 in
759 3624 924 3677 contrarium
938 3642 1047 3678 sensnm
1057 3624 1167 3681 detorsit

88 3706 264 3780 Wagnerns:
279 3706 317 3761 nil
331 3708 403 3761 enim
419 3706 579 3760 mutandum
592 3718 682 3761 censet
693 3706 880 3773 Burmannus,
893 3718 1037 3780 monetque
1050 3708 1164 3764 similem

88 3792 148 3845 alibi
156 3811 229 3865 saepe
238 3810 381 3845 occurrere
389 3790 621 3845 constructionem.

120 3938 153 3990 V.
167 3936 228 3992 325.
242 3942 322 4004 Inque
331 3956 406 3987 unum
411 3940 509 4004 pariter
519 3954 588 3985 mare
596 3938 710 4003 protinus
723 3954 806 3987 omnes
815 3938 907 4004 Infesta
920 3940 1029 3988 elamore
1039 3955 1120 3993 ruunt.
1130 3972 1165 3983 -

88 4020 224 4091 Adolphus
235 4025 337 4071 Dureau
349 4024 381 4071 de
395 4024 520 4079 Lamalle,
531 4019 628 4073 omissa
642 4018 767 4072 Vaticani
787 4018 887 4073 codicis
907 4022 1043 4074 mentione
1060 4024 1107 4095 qni
1125 4038 1165 4077 ta-

88 4122 147 4156 men
161 4124 237 4155 unum
251 4114 276 4156 et
289 4104 345 4175 ipse
357 4104 477 4176 prefert,
493 4114 584 4164 notat,
599 4114 725 4156 monente
740 4101 863 4170 Heinsio,
876 4104 1018 4159 lectionem
1032 4105 1102 4160 hane
1115 4109 1166 4162 niti

88 4186 179 4241 codiee
185 4186 456 4271 Regimdeolaratque
466 4188 519 4241 hoo
528 4188 651 4251 nomine,
659 4186 792 4252 Matthia,
802 4187 873 4259 regis
881 4188 1035 4261 Hungarise,
1045 4191 1165 4253 codicem

468 4305 477 4346 l
