2859 4975
402 445 826 511 inconsumpsit.
1088 445 1153 529 ³⁸9

36 598 43 617 ·
84 574 184 646 niani,
201 569 306 634 donec
320 594 336 632 a
351 570 477 634 meliori
496 567 608 633 codiee
628 568 788 633 medicina
802 587 973 663 appareat,
988 572 1039 633 vel
1057 570 1155 634 indu·

84 677 187 740 bitatis
204 675 403 766 argumentis
422 676 476 739 hic
496 675 619 740 lenna
642 675 801 764 probetur
820 677 919 740 luisse
944 677 1031 740 inter
1048 678 1152 764 Argo·

86 798 207 850 nautas

125 1027 258 1093 JASON
266 1077 275 1110 ,
294 1031 419 1092 AEsonis
434 1029 538 1110 filius,
559 1028 626 1091 dux
645 1046 677 1090 et
693 1029 845 1116 princeps
862 1027 1076 1114 expeditionis
1093 1029 1153 1090 Ar-

85 1127 280 1221 gonauticae,
307 1133 388 1197 nulli
417 1157 482 1198 non
513 1150 611 1196 notus
635 1149 668 1195 et
693 1131 891 1210 celebratus;
917 1132 1057 1220 ideoque
1085 1133 1154 1212 ejus

85 1254 236 1320 stemma,
257 1239 346 1324 quod
372 1263 447 1301 curn
473 1238 627 1301 omnihus
645 1235 824 1300 Cretheidis
843 1253 876 1298 et
897 1235 1034 1300 AEolidis
1062 1261 1156 1300 corn-

85 1366 181 1407 mune
204 1345 338 1416 habuit,
359 1367 426 1406 non
452 1343 652 1407 deducemus
678 1342 867 1430 operosius,
888 1365 947 1404 nec
965 1343 1064 1405 vitarn
1086 1342 1154 1422 ejus

85 1472 213 1512 ornnem
234 1449 468 1512 enarrabimus.
489 1451 537 1512 De
555 1464 656 1511 matre
674 1448 743 1527 ejus
759 1447 874 1534 ingens
890 1445 1050 1511 discordia
1064 1448 1157 1510 Vete-

85 1529 166 1618 rum'.
201 1555 430 1618 Comnsuniter
454 1552 616 1616 Alcimede
646 1553 779 1639 Phylaci
815 1551 878 1614 lilia
907 1553 1070 1615 statuitur.
1107 1552 1156 1614 lta

85 1651 234 1747 Aptillon.
253 1660 285 1740 I,
303 1664 363 1746 47,
378 1659 448 1723 Val.
464 1659 566 1722 Flaec.
583 1659 617 1742 Ι,
638 1655 718 1746 2955
733 1658 900 1747 Hyginus,
918 1657 983 1720 fab.
1002 1656 1022 1720 3
1041 1672 1073 1719 et
1095 1660 1156 1737 14³,
1353 1724 1358 1728 ,

87 1782 116 1827 et
134 1765 231 1830 Ovid.
251 1766 350 1856 Epist.
361 1767 422 1848 VI,
444 1764 515 1830 105.
535 1765 641 1846 Hujus
661 1764 758 1827 etiam
778 1787 881 1853 genus
899 1764 1071 1827 incertum.
1086 1763 1155 1850 Hy·

87 1870 177 1956 ginus
196 1871 277 1934 dicit
293 1869 478 1934 Alcimeden
495 1869 592 1934 liliam
611 1891 680 1932 esse
700 1868 857 1953 Clymeni,
882 1867 940 1931 ubi
959 1868 1157 1931 Mezeriaeus

87 1976 125 2040 ad
140 1977 236 2042 Ovid.
258 1977 358 2065 Epist.
376 1978 420 2041 VI
445 1977 539 2040 initio
560 1975 735 2064 legendum
758 1992 868 2054 censet
887 1975 1060 2060 Clymenes,
1085 1997 1157 2060 quae

87 2101 186 2148 mater
203 2083 385 2147 Alcimedes
402 2083 482 2162 luit,
505 2082 567 2144 lilia
584 2082 721 2168 Minyae,
738 2080 804 2144 vid.
824 2081 931 2144 Schol.
952 2080 1101 2168 Apollon.
1120 2081 1157 2158 I,
1228 2096 1230 2101 '

55 2205 59 2213 ’
91 2188 168 2270 230,
189 2205 222 2251 et
239 2211 337 2275 supra
354 2188 388 2250 in
403 2188 549 2252 Admeto.
573 2187 621 2249 De
641 2185 782 2269 Pltylaco
805 2186 946 2250 vidimus
967 2186 1001 2247 in
1019 2186 1158 2273 lplticlo;

89 2317 160 2358 nant
175 2295 325 2380 Clymene
341 2293 471 2382 Phylaci
489 2315 572 2354 uxor
595 2293 691 2354 etiam
710 2291 879 2355 Scholiasti
898 2291 940 2354 ad
956 2291 1003 2354 vsss
1021 2291 1074 2372 db,
1098 2291 1157 2354 ubi

88 2401 174 2466 addit
190 2400 400 2466 Herodotum
417 2401 624 2487 Polyphemen
642 2421 758 2462 vocare
775 2417 911 2462 matrem
928 2398 1068 2478 Iasonis,
1085 2420 1158 2486 quae

88 2524 150 2573 erat
165 2509 231 2573 filia
246 2509 415 2595 Autolyci,
437 2532 509 2595 quae
527 2532 544 2570 a
562 2508 695 2585 Taetze,
715 2506 850 2569 Chiliad.
866 2506 945 2586 Vll,
963 2508 1021 2592 96,
1038 2505 1158 2569 dicitur

89 2608 245 2695 Polymele
254 2657 264 2689 ‚
285 2625 316 2672 et
332 2608 425 2688 cujus
440 2632 533 2672 soror
546 2608 739 2671 Alcimedes
758 2606 972 2694 quibusdam,
992 2619 1094 2669 mater
1105 2609 1158 2670 Ja-

89 2716 171 2779 sonis'
187 2714 338 2779 habetur.
351 2716 402 2777 Ab
412 2713 625 2801 Apollodoro,
644 2713 699 2777 lib.
715 2714 748 2794 1,
763 2733 832 2800 cap.
848 2737 886 2798 9,
899 2724 914 2788 ς
928 2714 978 2794 16,
988 2714 1161 2799 Polymede

88 2820 238 2909 Autolyci
256 2818 320 2884 filia
337 2837 487 2901 vocatur,
506 2836 543 2882 ut
560 2820 654 2882 etiam
674 2834 770 2881 vocat
784 2818 916 2882 'Pzetaes
935 2818 976 2881 ad
995 2820 1156 2906 Lycophr.

90 2927 149 3013 872
159 2975 167 3008 ,
177 2927 237 3015 qui
252 2926 298 2989 ibi
315 2926 411 2990 etiam
429 2926 508 2989 alios
525 2926 637 2987 Arnen
653 2940 790 2986 matrem
807 2926 911 2987 facere
927 2924 1054 3004 scribit,
1069 2923 1167 3011 quod

90 3054 206 3095 nomen
234 3032 268 3095 in
285 3031 489 3095 AEolidarum
513 3030 631 3091 familia
662 3030 819 3091 usitatum
846 3031 946 3093 fuisse
975 3030 1071 3093 docet
1099 3031 1159 3093 alia

90 3139 172 3201 Arne
187 3162 227 3201 ex
244 3136 330 3201 AEoli
347 3160 483 3225 genere,
501 3158 598 3223 quarn
617 3133 758 3211 vidimus
779 3158 818 3197 ex
834 3134 981 3199 Diodoro
996 3123 1105 3200 Siculo
1125 3137 1157 3198 in

90 3244 296 3332 praleimo.
319 3244 412 3307 Hanc
429 3246 541 3307 Arnen
560 3242 600 3306 ab
618 3242 686 3305 aliis
704 3242 883 3328 Scarphen,
904 3244 969 3322 vel,
989 3258 1026 3305 ut
1041 3222 1161 3331 legitur
1260 3269 1264 3291 ·

91 3348 121 3411 in
135 3350 230 3413 variis
246 3349 441 3413 lectionibus
457 3370 591 3437 nuperae
609 3346 779 3422 editionis,
801 3340 980 3434 Seraplen,
1007 3347 1058 3409 vel
1081 3348 1159 3410 Sca-

86 3454 185 3539 plten,
212 3456 320 3518 vocari
343 3456 388 3518 ait
404 3454 547 3518 Tzetzes.
582 3454 632 3516 Ab
653 3454 742 3515 Arne
760 3451 848 3515 AEoli
867 3451 1002 3515 secundi
1020 3451 1103 3533 lilia,
1128 3470 1160 3515 et

92 3576 189 3623 matre
210 3562 327 3642 Boeoti,
347 3562 427 3623 urbs
441 3560 612 3624 Thessaliae
624 3562 732 3637 Arne,
760 3575 841 3622 teste
859 3558 1041 3647 Stephano,
1059 3558 1160 3637 dicta,

93 3662 210 3752 dequo
222 3666 408 3741 oraculum,
420 3664 485 3744 ipa
500 3674 636 3743 χηρεύουσα
649 3676 714 3742 μένει
731 3672 843 3725 madeas
859 3668 956 3744 ἄνδρα,
974 3662 1066 3742 cujus
1084 3687 1159 3726 sen·
1218 3734 1220 3744 ,

92 3790 142 3831 sus
160 3770 338 3851 obscurus3
366 3768 424 3832 sed
441 3784 550 3855 potest
571 3767 612 3830 ad
634 3766 736 3830 filium
755 3770 823 3849 ejus
841 3768 985 3832 Boeotum
1005 3768 1089 3831 forte
1108 3792 1160 3830 re·

92 3873 184 3937 ferri:
207 3890 244 3937 ut
260 3875 347 3937 eninr
363 3877 452 3937 Arne
469 3894 590 3937 nomen
606 3871 720 3935 habuit
736 3896 755 3935 a
770 3890 880 3961 patre,
897 3876 956 3960 qui
971 3874 1160 3938 abundabat
1229 3902 1232 3912 =

92 3980 223 4062 ovibus,
242 3981 286 4043 ita
304 3981 355 4043 illa
372 4004 411 4044 ex
428 3980 583 4067 Neptuno
600 3978 703 4040 lilium
721 3981 859 4063 pariens,
879 3980 1025 4043 Boeotum
1049 3980 1168 4067 appel-¹

92 4083 164 4148 lavit
179 4110 198 4149 a
211 4086 336 4166 bobus3
351 4086 415 4149 vid.
429 4086 577 4149 Eustath.
591 4083 632 4146 ad
652 4084 785 4146 Homer.
804 4086 893 4148 iliad.
915 4088 963 4166 ll,
980 4087 1054 4173 507,
1067 4103 1100 4150 et
1118 4086 1158 4149 ad

92 4188 222 4279 Dionys.
242 4192 363 4280 Perieg.
380 4185 425 4254 vs.
446 4190 528 4271 426,
556 4206 585 4253 et
604 4188 793 4277 Etyrnologi
809 4190 918 4278 magni
935 4208 1102 4254 auctorem
1123 4192 1158 4254 in'
