2859 4975
292 408 332 472 50
595 406 632 467 C.
658 402 858 468 VALERII
888 404 1064 471 FLAcct

253 514 255 519 ι
331 540 422 604 Neve
436 535 534 603 deum
549 531 631 603 mihi
643 531 745 621 finge,
760 531 841 597 deus
852 555 986 620 quoque
997 555 1132 604 consere
1146 533 1324 602 dextram».

333 655 386 719 Sic
400 651 464 733 ait,
481 652 671 737 intentaque
687 648 837 729 adjutum
853 648 975 715 missile
989 651 1099 737 planta
1326 672 1363 715 sn

334 768 468 858 Dirigit,
485 782 517 830 et
531 765 628 854 lapsis
642 780 821 852 patuerunt
835 764 970 830 vulnera
984 765 1077 830 villis.

378 884 447 948 Nec
461 882 571 946 minus
585 879 685 947 AEolii
700 879 809 967 proles
823 878 930 945 AEetia
943 879 1065 968 Phryxi

333 1003 450 1064 Fertur
467 996 583 1085 etipsa
598 996 729 1074 furens,
744 1015 782 1057 ac
795 1014 830 1060 se
844 990 944 1059 modo
958 992 1029 1057 laeta
1045 992 1161 1079 Cytaeis

334 1110 548 1203 Agminibus,
567 1082 666 1176 modo
682 1106 828 1196 cognatis
844 1119 986 1173 ostentat
997 1105 1137 1172 Achivis.

333 1232 443 1316 Atque
461 1226 522 1289 hos
538 1224 573 1289 in
589 1221 698 1297 medio
717 1220 791 1297 duri
809 1219 995 1285 discrimine
1010 1220 1102 1301 belli,

333 1342 499 1417 Laudibus
515 1340 616 1428 inque
634 1337 711 1425 ipsis
729 1335 874 1425 gaudfflis
892 1336 951 1404 ubi
967 1334 1049 1400 vidit
1062 1339 1177 1404 Iason:

217 1466 228 1491 “
335 1458 481 1538 «Macte,
496 1455 556 1537 ait,
571 1475 592 1518 o
609 1465 759 1525 nostrum
774 1472 895 1538 genus,
912 1450 1024 1531 etjam
1041 1466 1128 1516 certa
1140 1468 1287 1540 propago

334 1570 467 1650 AEoliae,
485 1589 546 1631 nec
563 1566 681 1653 opina,
698 1563 836 1645 domus3
851 1580 900 1629 sat
916 1586 1033 1653 magna
1049 1564 1199 1632 taborum

335 1688 430 1751 Dona
447 1683 537 1763 lero,
551 1680 626 1751 satis
642 1679 706 1743 hoc
719 1678 792 1741 visu
808 1700 1024 1765 quecumque
1039 1676 1217 1766 rependo».

379 1799 486 1879 Dixit,
505 1797 588 1861 etin
604 1796 726 1871 Sueten
743 1794 920 1886 magnique
936 1795 971 1859 iu
987 1795 1051 1860 fata
1067 1792 1216 1865 Ceramni
1331 1812 1366 1849 ⁵⁵0

335 1917 495 1999 Emicuit,
512 1913 731 2001 clypeumque
746 1927 877 1991 rotans,
892 1910 983 1995 hunc
997 1910 1122 1999 poplite
1138 1932 1221 1976 caeso

335 2030 473 2113 Dejicit,
490 2030 583 2095 illum
600 2026 703 2116 aperit
719 2027 786 2094 lato
799 2047 858 2115 per
873 2041 987 2113 pectus
1001 2023 1096 2097 hiatu

323 2234 377 2297 539.
387 2228 561 2279 nexuerant.
571 2237 595 2273 et
609 2228 690 2273 Burm.
700 2225 771 2272 codd.
780 2228 845 2276 lunt
856 2225 911 2277 Ald.
926 2252 958 2262 —
973 2227 1028 2281 541.
1043 2228 1077 2275 Et
1092 2225 1258 2287 leptis.Vatic,
1275 2230 1366 2273 Boron.

293 2325 316 2362 et
325 2315 391 2361 Cart.
401 2309 471 2360 codd.
483 2310 574 2355 Bouon.
584 2308 595 2353 1
606 2316 630 2353 et
640 2306 672 2351 11.
683 2307 750 2351 Hauc
760 2304 855 2353 lection
863 2306 913 2366 jum
927 2304 1087 2354 vindicaverat
1102 2305 1170 2361 rius,
1188 2306 1366 2368 probuntvoss,
1415 2327 1416 2352 ,

293 2403 318 2440 et
326 2390 407 2439 liuius.
417 2397 443 2434 et
452 2385 560 2448 reposuit
568 2386 599 2433 cl.
607 2385 695 2433 narres.
707 2386 753 2437 En.

332 2559 393 2622 540.
407 2556 478 2610 Tum
489 2570 553 2607 vero
562 2554 658 2602 insensa
666 2550 812 2618 planta,iu
856 2552 1027 2619 erfonem,
1039 2571 1087 2604 nec
1098 2554 1188 2619 omna,
1199 2569 1257 2605 nott
1265 2561 1368 2604 tantum

298 2640 394 2712 digitos
412 2633 510 2708 pedum
527 2625 678 2706 paullulum
689 2640 811 2691 erectus,
855 2629 968 2693 credita,
981 2629 1094 2703 rodjam
1114 2630 1266 2703 explorata,
1279 2634 1369 2686 AEolioe

295 2723 407 2789 adrium
414 2717 518 2774 missile,
529 2713 610 2767 haste
619 2708 813 2782 majoremvim
856 2712 943 2762 domus
949 2728 1065 2778 propago
1072 2749 1081 2773 ,
1096 2710 1215 2782 gratulor
1224 2722 1250 2763 et
1259 2711 1337 2764 vobis
1345 2722 1369 2762 et

295 2801 432 2869 roburque
453 2796 537 2866 majus
556 2789 677 2853 addidit,
695 2803 719 2840 et
735 2791 811 2856 lapsis
856 2787 1098 2853 mibi‚tumiortes
1111 2789 1222 2843 habenti
1236 2803 1368 2861 cognatos

297 2867 809 2948 uillis,quibusseinrolveratpellibus,
893 2866 952 2930 548.
970 2874 1015 2920 Sat
1034 2889 1130 2939 magna
1153 2873 1263 2922 tadonem
1281 2875 1366 2930 dona,

294 2952 759 3029 patuentntmagna,luta,nulnera.
856 2948 1065 3019 prumia,fero,
1084 2953 1143 3001 sanis
1161 2954 1209 3002 hoc
1223 2953 1281 3002 uisu
1301 2971 1369 3018 qnat-

287 3076 298 3114 ,
334 3033 458 3102 itaNec
476 3032 564 3090 minus
583 3029 686 3082 sortiter
696 3046 740 3081 res
753 3045 813 3080 suas
857 3033 1159 3102 cumquerependo,quae
1172 3028 1271 3101 pertuli
1282 3030 1368 3093 mala,

299 3120 352 3192 agit
366 3115 460 3178 Pluyaci
476 3114 560 3164 AEetia
574 3113 669 3181 proles,
685 3126 770 3179 nepos
783 3126 814 3160 ex
858 3106 935 3160 facile
944 3107 996 3160 hoc
1006 3108 1052 3160 tali
1064 3107 1162 3181 gaudio
1170 3119 1327 3179 pensantur.

298 3199 353 3253 lilia
365 3192 638 3265 Chalciope,Argns,
650 3184 705 3241 vid.
715 3207 814 3262 supra,
894 3186 956 3240 550.
975 3186 1023 3239 His
1040 3186 1118 3241 dictis
1135 3190 1225 3239 emicat
1242 3192 1329 3256 Argus
1346 3193 1370 3238 in

298 3279 336 3343 V,
352 3277 420 3340 4613
434 3293 466 3323 ac
486 3291 513 3322 se
531 3273 698 3330 modoinus,
714 3267 814 3338 dequo
857 3266 1092 3334 Sueten(Selrader
1100 3267 1127 3319 in
1142 3266 1296 3319 Observutt.
1310 3254 1370 3338 pag‘.
1414 3298 1415 3315 t

299 3359 466 3417 laetarentur,
482 3353 586 3416 Cytoeis,
602 3347 728 3413 Colchis,
741 3350 814 3398 modo
858 3361 909 3412 79,
928 3344 1030 3397 mavult
1046 3351 1166 3416 Seutten,
1180 3344 1253 3418 quod
1272 3365 1371 3398 nomen

301 3435 413 3493 Achivis,
426 3429 599 3502 Argonautis,
612 3439 725 3478 ostentat.
857 3421 1018 3495 quibusdum
1030 3425 1150 3479 Thraciae
1165 3425 1274 3495 regibus
1291 3425 1371 3478 fuisse

338 3515 399 3578 545.
413 3518 495 3578 Atque
512 3513 555 3562 nos
566 3511 634 3578 (cur
650 3505 720 3567 hoc,
730 3523 814 3576 quum
858 3516 968 3556 constat.
981 3504 1046 3557 Vid.
1059 3509 1129 3571 Cary,
1141 3507 1202 3556 Hist.
1213 3508 1256 3554 des
1271 3507 1330 3555 ltoz's
1343 3510 1372 3556 de

301 3596 334 3650 de
346 3613 400 3648 uno
414 3591 447 3646 sit
457 3587 562 3641 sermo?
573 3583 624 3639 Sed
636 3583 778 3655 respicitur
788 3593 814 3635 et
861 3585 969 3645 Thrace,
979 3588 1063 3645 Paris,
1078 3585 1144 3654 1752
1155 3621 1162 3647 ,
1175 3583 1227 3643 IV,
1240 3602 1267 3654 p.
1281 3584 1314 3646 8,
1330 3596 1371 3648 ro,
1414 3630 1415 3649 2

302 3673 334 3728 ad
350 3675 462 3737 alterum
476 3665 576 3740 Phryxi
588 3663 689 3726 lilium,
702 3661 812 3728 Melan,
859 3679 903 3731 27,
918 3666 985 3732 47),
999 3667 1133 3732 magnique
1142 3666 1167 3714 in
1170 3664 1245 3732 fato,
1255 3661 1290 3714 ad
1305 3683 1373 3714 mor·

301 3755 349 3828 qui
353 3756 408 3826 jein
418 3761 494 3804 antea
501 3765 556 3798 non
565 3745 621 3798 sine
629 3739 709 3793 laude
715 3759 815 3812 pugna·
858 3752 911 3792 tem
923 3741 1089 3795 inferendam
1100 3781 1107 3807 ,
1119 3746 1233 3796 Ceramni
1236 3763 1247 3802 ,·
1256 3746 1323 3793 hunc
1329 3764 1373 3810 pc

301 3845 390 3896 verat5
406 3829 459 3884 vid.
470 3844 565 3898 supra,
579 3825 655 3895 196),
671 3833 815 3894 utrumqne
853 3824 915 3888 plite
932 3841 1010 3884 coeso,
1031 3823 1148 3884 succiso,
1165 3823 1260 3890 dejicit,
1280 3823 1373 3874 sternit

301 3914 396 3986 igitur,
407 3911 523 3982 gauderes
537 3908 606 3960 videt,
615 3909 692 3958 ,Iason
703 3904 815 3952 lattdibus
858 3899 893 3952 td
904 3911 1010 3954 terram.
1023 3903 1078 3956 Nec
1089 3902 1130 3954 his
1140 3911 1279 3954 contentus
1288 3908 1372 3969 Argus

302 3999 328 4045 in
346 3994 420 4060 ipsis,
436 3987 464 4038 in
479 3985 537 4056 ipso
555 3994 616 4036 actu
629 3999 735 4043 rerum,
748 3999 815 4052 quas
858 3995 996 4048 utrumque,
1011 3995 1037 4032 et
1051 3987 1173 4032 Zacorum
1187 3983 1330 4037 etPhaIcen
1342 3985 1373 4030 ab

301 4081 408 4146 agerent
417 4065 553 4139 praeclare.
858 4063 926 4127 equis
935 4062 1031 4128 ingenti
1040 4081 1098 4112 arvo
1103 4062 1211 4128 porrigit
1218 4054 1372 4129 (τανυσθεὶς,

339 4154 397 4219 542.
407 4151 502 4203 Macte,
514 4147 565 4204 ait,
577 4165 592 4194 o
602 4157 708 4194 nostrum
717 4161 812 4210 genus,
858 4137 967 4192 Homer.
978 4139 1010 4192 ll.
1022 4140 1085 4191 XVI
1092 4179 1102 4207 ,
1116 4140 1184 4203 4853
1199 4138 1308 4198 iestidhnu
1323 4144 1372 4194 nsi-
