<?xml version="1.0" encoding="UTF-8"?>
<!DOCTYPE html PUBLIC "-//W3C//DTD XHTML 1.0 Transitional//EN"
    "http://www.w3.org/TR/xhtml1/DTD/xhtml1-transitional.dtd">
<html xmlns="http://www.w3.org/1999/xhtml" xml:lang="en" lang="en">
 <head>
  <title>
</title>
<meta http-equiv="Content-Type" content="text/html;charset=utf-8" />
  <meta name='ocr-system' content='tesseract 3.04.00' />
  <meta name='ocr-capabilities' content='ocr_page ocr_carea ocr_par ocr_line ocrx_word'/>
</head>
<body>
  <div class='ocr_page' id='page_1' title='image "bibliothecaclas119lemagoog_0292.png"; bbox 0 0 2859 4975; ppageno 0'>
   <div class='ocr_carea' id='block_1_1' title="bbox 268 355 898 458">
    <p class='ocr_par' dir='ltr' id='par_1_1' title="bbox 268 355 898 458">
     <span class='ocr_line' id='line_1_1' title="bbox 268 355 898 458; baseline 0.019 -12"><span class='ocrx_word' id='word_1_1' title='bbox 268 379 331 446; x_wconf 79' lang='lat'>280</span> <span class='ocrx_word' id='word_1_2' title='bbox 408 355 435 371; x_wconf 78' lang='grc'><strong>”</strong></span> <span class='ocrx_word' id='word_1_3' title='bbox 702 390 898 458; x_wconf 82' lang='lat' dir='ltr'>oarnru</span> 
     </span>
    </p>
   </div>
   <div class='ocr_carea' id='block_1_2' title="bbox 189 516 1423 4158">
    <p class='ocr_par' dir='ltr' id='par_1_2' title="bbox 189 516 1423 4158">
     <span class='ocr_line' id='line_1_2' title="bbox 307 516 1148 614; baseline 0.014 -34"><span class='ocrx_word' id='word_1_4' title='bbox 307 516 540 606; x_wconf 84' lang='lat' dir='ltr'><strong>Persephonen</strong></span> <span class='ocrx_word' id='word_1_5' title='bbox 556 521 666 609; x_wconf 85' lang='lat' dir='ltr'>patriis</span> <span class='ocrx_word' id='word_1_6' title='bbox 680 522 794 587; x_wconf 89' lang='lat' dir='ltr'>docuit</span> <span class='ocrx_word' id='word_1_7' title='bbox 807 523 875 604; x_wconf 80' lang='lat' dir='ltr'>jam</span> <span class='ocrx_word' id='word_1_8' title='bbox 889 523 974 590; x_wconf 87' lang='lat' dir='ltr'>forte</span> <span class='ocrx_word' id='word_1_9' title='bbox 985 528 1126 614; x_wconf 91' lang='lat' dir='ltr'>puellam</span> <span class='ocrx_word' id='word_1_10' title='bbox 1138 553 1148 612; x_wconf 81' lang='lat'>3</span> 
     </span>
     <span class='ocr_line' id='line_1_3' title="bbox 307 635 1115 725; baseline 0.007 -27"><span class='ocrx_word' id='word_1_11' title='bbox 307 635 456 698; x_wconf 89' lang='lat' dir='ltr'>Herculis</span> <span class='ocrx_word' id='word_1_12' title='bbox 473 650 506 698; x_wconf 87' lang='lat' dir='ltr'>et</span> <span class='ocrx_word' id='word_1_13' title='bbox 521 635 635 717; x_wconf 88' lang='lat' dir='ltr'>laceri,</span> <span class='ocrx_word' id='word_1_14' title='bbox 659 636 846 724; x_wconf 86' lang='lat' dir='ltr'>famosaque</span> <span class='ocrx_word' id='word_1_15' title='bbox 862 638 996 702; x_wconf 84' lang='lat' dir='ltr'>vulnera</span> <span class='ocrx_word' id='word_1_16' title='bbox 1011 639 1115 725; x_wconf 76' lang='lat' dir='ltr'>Maet3</span> 
     </span>
     <span class='ocr_line' id='line_1_4' title="bbox 306 749 1142 844; baseline 0.006 -29"><span class='ocrx_word' id='word_1_17' title='bbox 306 751 401 815; x_wconf 89' lang='lat' dir='ltr'>Sacra</span> <span class='ocrx_word' id='word_1_18' title='bbox 418 749 513 840; x_wconf 24' lang='lat' dir='ltr'>quod,</span> <span class='ocrx_word' id='word_1_19' title='bbox 526 749 620 816; x_wconf 84' lang='lat' dir='ltr'>Idaeis</span> <span class='ocrx_word' id='word_1_20' title='bbox 636 766 669 816; x_wconf 89' lang='lat' dir='ltr'>et</span> <span class='ocrx_word' id='word_1_21' title='bbox 686 751 733 816; x_wconf 85' lang='lat' dir='ltr'>vis</span> <span class='ocrx_word' id='word_1_22' title='bbox 752 752 992 840; x_wconf 72' lang='lat' dir='ltr'>Corybantibus</span> <span class='ocrx_word' id='word_1_23' title='bbox 1006 755 1142 844; x_wconf 71' lang='lat' dir='ltr'>ingens,</span> 
     </span>
     <span class='ocr_line' id='line_1_5' title="bbox 305 863 1112 955; baseline 0.007 -27"><span class='ocrx_word' id='word_1_24' title='bbox 305 863 494 952; x_wconf 88' lang='lat' dir='ltr'>Erraritque</span> <span class='ocrx_word' id='word_1_25' title='bbox 513 865 629 947; x_wconf 89' lang='lat' dir='ltr'>Ceres,</span> <span class='ocrx_word' id='word_1_26' title='bbox 647 881 813 955; x_wconf 72' lang='lat' dir='ltr'>raptaeque</span> <span class='ocrx_word' id='word_1_27' title='bbox 830 867 947 932; x_wconf 83' lang='lat' dir='ltr'>exinde</span> <span class='ocrx_word' id='word_1_28' title='bbox 965 868 1112 953; x_wconf 85' lang='lat' dir='ltr'>dolores,</span> 
     </span>
     <span class='ocr_line' id='line_1_6' title="bbox 304 976 1241 1069; baseline 0.012 -29"><span class='ocrx_word' id='word_1_29' title='bbox 304 978 415 1064; x_wconf 90' lang='lat' dir='ltr'>thue</span> <span class='ocrx_word' id='word_1_30' title='bbox 428 976 518 1042; x_wconf 87' lang='lat' dir='ltr'>dedit</span> <span class='ocrx_word' id='word_1_31' title='bbox 529 979 635 1068; x_wconf 88' lang='lat' dir='ltr'>leges;</span> <span class='ocrx_word' id='word_1_32' title='bbox 649 1002 748 1066; x_wconf 89' lang='lat' dir='ltr'>quam</span> <span class='ocrx_word' id='word_1_33' title='bbox 760 979 929 1069; x_wconf 86' lang='lat' dir='ltr'>splendida</span> <span class='ocrx_word' id='word_1_34' title='bbox 946 981 1033 1048; x_wconf 90' lang='lat' dir='ltr'>dona</span> <span class='ocrx_word' id='word_1_35' title='bbox 1048 985 1201 1050; x_wconf 80' lang='lat' dir='ltr'><strong>Cabirum</strong></span> <span class='ocrx_word' id='word_1_36' title='bbox 1214 1012 1225 1069; x_wconf 89' lang='lat'>;</span> <span class='ocrx_word' id='word_1_37' title='bbox 1238 1003 1241 1010; x_wconf 83' lang='lat'>&#39;</span> 
     </span>
     <span class='ocr_line' id='line_1_7' title="bbox 306 1091 1157 1183; baseline 0.011 -28"><span class='ocrx_word' id='word_1_38' title='bbox 306 1091 453 1180; x_wconf 86' lang='lat' dir='ltr'>Quaeque</span> <span class='ocrx_word' id='word_1_39' title='bbox 469 1108 563 1156; x_wconf 87' lang='lat' dir='ltr'>canat</span> <span class='ocrx_word' id='word_1_40' title='bbox 578 1092 688 1158; x_wconf 88' lang='lat' dir='ltr'>nullus</span> <span class='ocrx_word' id='word_1_41' title='bbox 703 1109 863 1160; x_wconf 89' lang='lat' dir='ltr'>nocturna</span> <span class='ocrx_word' id='word_1_42' title='bbox 879 1099 1009 1162; x_wconf 88' lang='lat' dir='ltr'>oracula</span> <span class='ocrx_word' id='word_1_43' title='bbox 1022 1100 1157 1183; x_wconf 78' lang='lat' dir='ltr'>Bacchi5</span> 
     </span>
     <span class='ocr_line' id='line_1_8' title="bbox 302 1205 1119 1297; baseline 0.013 -30"><span class='ocrx_word' id='word_1_44' title='bbox 302 1205 454 1268; x_wconf 85' lang='lat' dir='ltr'>Divinam</span> <span class='ocrx_word' id='word_1_45' title='bbox 471 1205 639 1289; x_wconf 81' lang='lat' dir='ltr'>Lemnon,</span> <span class='ocrx_word' id='word_1_46' title='bbox 655 1223 688 1271; x_wconf 91' lang='lat' dir='ltr'>et</span> <span class='ocrx_word' id='word_1_47' title='bbox 702 1207 850 1273; x_wconf 83' lang='lat' dir='ltr'><strong>litoream</strong></span> <span class='ocrx_word' id='word_1_48' title='bbox 868 1211 1119 1297; x_wconf 80' lang='lat' dir='ltr'>Samothracen,</span> 
     </span>
     <span class='ocr_line' id='line_1_9' title="bbox 305 1321 1337 1413; baseline 0.001 -27"><span class='ocrx_word' id='word_1_49' title='bbox 305 1321 549 1409; x_wconf 87' lang='lat' dir='ltr'>Sublimemque</span> <span class='ocrx_word' id='word_1_50' title='bbox 564 1323 725 1410; x_wconf 82' lang='lat' dir='ltr'>Cyprum,</span> <span class='ocrx_word' id='word_1_51' title='bbox 734 1322 961 1413; x_wconf 85' lang='lat' dir='ltr'>Veneremque</span> <span class='ocrx_word' id='word_1_52' title='bbox 975 1343 1012 1391; x_wconf 90' lang='lat' dir='ltr'>ut</span> <span class='ocrx_word' id='word_1_53' title='bbox 1027 1329 1144 1392; x_wconf 89' lang='lat' dir='ltr'>amavit</span> <span class='ocrx_word' id='word_1_54' title='bbox 1159 1327 1337 1412; x_wconf 72' lang='lat' dir='ltr'>Adonis330</span> 
     </span>
     <span class='ocr_line' id='line_1_10' title="bbox 305 1435 1162 1526; baseline 0.006 -24"><span class='ocrx_word' id='word_1_55' title='bbox 305 1437 404 1526; x_wconf 84' lang='lat' dir='ltr'>Orgia</span> <span class='ocrx_word' id='word_1_56' title='bbox 423 1435 622 1518; x_wconf 82' lang='lat' dir='ltr'>Praxidices,</span> <span class='ocrx_word' id='word_1_57' title='bbox 644 1453 870 1525; x_wconf 88' lang='lat' dir='ltr'>nocturnaque</span> <span class='ocrx_word' id='word_1_58' title='bbox 888 1462 976 1504; x_wconf 85' lang='lat' dir='ltr'>sacra</span> <span class='ocrx_word' id='word_1_59' title='bbox 990 1441 1162 1524; x_wconf 77' lang='lat' dir='ltr'>Minemae3</span> 
     </span>
     <span class='ocr_line' id='line_1_11' title="bbox 300 1538 991 1641; baseline 0 -23"><span class='ocrx_word' id='word_1_60' title='bbox 300 1552 435 1641; x_wconf 81' lang='lat' dir='ltr'>AEgypti</span> <span class='ocrx_word' id='word_1_61' title='bbox 450 1553 575 1634; x_wconf 89' lang='lat' dir='ltr'>luctus,</span> <span class='ocrx_word' id='word_1_62' title='bbox 592 1538 628 1616; x_wconf 84' lang='lat' dir='ltr'>et¹</span> <span class='ocrx_word' id='word_1_63' title='bbox 643 1552 746 1616; x_wconf 86' lang='lat' dir='ltr'>Osiris</span> <span class='ocrx_word' id='word_1_64' title='bbox 763 1552 850 1617; x_wconf 88' lang='lat' dir='ltr'>dolia</span> <span class='ocrx_word' id='word_1_65' title='bbox 865 1570 991 1636; x_wconf 73' lang='lat' dir='ltr'>sancta,</span> 
     </span>
     <span class='ocr_line' id='line_1_12' title="bbox 301 1665 1045 1764; baseline 0.004 -34"><span class='ocrx_word' id='word_1_66' title='bbox 301 1666 391 1750; x_wconf 91' lang='lat' dir='ltr'>Quid</span> <span class='ocrx_word' id='word_1_67' title='bbox 410 1666 451 1731; x_wconf 94' lang='lat' dir='ltr'>de</span> <span class='ocrx_word' id='word_1_68' title='bbox 469 1668 614 1731; x_wconf 82' lang='lat' dir='ltr'>venturis</span> <span class='ocrx_word' id='word_1_69' title='bbox 630 1665 806 1755; x_wconf 70' lang='lat' dir='ltr'>precordia</span> <span class='ocrx_word' id='word_1_70' title='bbox 821 1668 1045 1764; x_wconf 25' lang='lat' dir='ltr'>visatferarum</span> 
     </span>
     <span class='ocr_line' id='line_1_13' title="bbox 299 1781 1166 1878; baseline 0.005 -33"><span class='ocrx_word' id='word_1_71' title='bbox 299 1783 342 1846; x_wconf 92' lang='lat' dir='ltr'>Et</span> <span class='ocrx_word' id='word_1_72' title='bbox 358 1783 529 1846; x_wconf 82' lang='lat' dir='ltr'>volucrum</span> <span class='ocrx_word' id='word_1_73' title='bbox 545 1781 705 1878; x_wconf 83' lang='lat' dir='ltr'>doceant,</span> <span class='ocrx_word' id='word_1_74' title='bbox 719 1805 787 1870; x_wconf 93' lang='lat' dir='ltr'>quo</span> <span class='ocrx_word' id='word_1_75' title='bbox 801 1783 869 1848; x_wconf 92' lang='lat' dir='ltr'>ritu</span> <span class='ocrx_word' id='word_1_76' title='bbox 883 1784 1007 1848; x_wconf 83' lang='lat' dir='ltr'>viscera</span> <span class='ocrx_word' id='word_1_77' title='bbox 1021 1801 1166 1872; x_wconf 80' lang='lat' dir='ltr'>spectes3</span> 
     </span>
     <span class='ocr_line' id='line_1_14' title="bbox 302 1897 1335 1985; baseline 0.004 -25"><span class='ocrx_word' id='word_1_78' title='bbox 302 1897 433 1979; x_wconf 90' lang='lat' dir='ltr'>Quanta</span> <span class='ocrx_word' id='word_1_79' title='bbox 449 1897 544 1962; x_wconf 90' lang='lat' dir='ltr'>etiam</span> <span class='ocrx_word' id='word_1_80' title='bbox 559 1919 677 1961; x_wconf 85' lang='lat' dir='ltr'>somno</span> <span class='ocrx_word' id='word_1_81' title='bbox 691 1912 793 1985; x_wconf 74' lang='lat' dir='ltr'>captae</span> <span class='ocrx_word' id='word_1_82' title='bbox 806 1897 1024 1985; x_wconf 86' lang='lat' dir='ltr'>pulcherrima</span> <span class='ocrx_word' id='word_1_83' title='bbox 1041 1904 1152 1963; x_wconf 79' lang='lat' dir='ltr'>rerum</span> <span class='ocrx_word' id='word_1_84' title='bbox 1307 1915 1335 1954; x_wconf 78' lang='lat'>³⁵</span> 
     </span>
     <span class='ocr_line' id='line_1_15' title="bbox 299 1991 1131 2100; baseline 0.001 -22"><span class='ocrx_word' id='word_1_85' title='bbox 299 2011 481 2078; x_wconf 88' lang='lat' dir='ltr'>Praedicant</span> <span class='ocrx_word' id='word_1_86' title='bbox 496 2013 611 2076; x_wconf 86' lang='lat' dir='ltr'>animae</span> <span class='ocrx_word' id='word_1_87' title='bbox 624 2028 735 2076; x_wconf 87' lang='lat' dir='ltr'>vatum</span> <span class='ocrx_word' id='word_1_88' title='bbox 755 1991 922 2078; x_wconf 82' lang='lat' dir='ltr'>demente</span> <span class='ocrx_word' id='word_1_89' title='bbox 942 2011 1107 2100; x_wconf 85' lang='lat' dir='ltr'>profunda</span> <span class='ocrx_word' id='word_1_90' title='bbox 1120 2037 1131 2095; x_wconf 82' lang='lat'>3</span> 
     </span>
     <span class='ocr_line' id='line_1_16' title="bbox 299 2125 1122 2215; baseline 0 -25"><span class='ocrx_word' id='word_1_91' title='bbox 299 2127 343 2190; x_wconf 92' lang='lat' dir='ltr'>Et</span> <span class='ocrx_word' id='word_1_92' title='bbox 361 2148 434 2214; x_wconf 87' lang='lat' dir='ltr'>quae</span> <span class='ocrx_word' id='word_1_93' title='bbox 450 2126 491 2188; x_wconf 92' lang='lat' dir='ltr'>sit</span> <span class='ocrx_word' id='word_1_94' title='bbox 504 2126 619 2215; x_wconf 85' lang='lat' dir='ltr'>signis,</span> <span class='ocrx_word' id='word_1_95' title='bbox 630 2125 802 2208; x_wconf 87' lang='lat' dir='ltr'>monstris,</span> <span class='ocrx_word' id='word_1_96' title='bbox 819 2143 973 2214; x_wconf 88' lang='lat' dir='ltr'>astroque</span> <span class='ocrx_word' id='word_1_97' title='bbox 984 2128 1122 2210; x_wconf 85' lang='lat' dir='ltr'>minaci,</span> 
     </span>
     <span class='ocr_line' id='line_1_17' title="bbox 299 2221 1132 2330; baseline 0 -24"><span class='ocrx_word' id='word_1_98' title='bbox 299 2221 392 2306; x_wconf 73' lang='lat' dir='ltr'>Casta</span> <span class='ocrx_word' id='word_1_99' title='bbox 407 2241 581 2306; x_wconf 88' lang='lat' dir='ltr'>hominum</span> <span class='ocrx_word' id='word_1_100' title='bbox 595 2242 706 2330; x_wconf 84' lang='lat' dir='ltr'>generi</span> <span class='ocrx_word' id='word_1_101' title='bbox 718 2242 854 2306; x_wconf 84' lang='lat' dir='ltr'>lustrata</span> <span class='ocrx_word' id='word_1_102' title='bbox 866 2242 1013 2330; x_wconf 91' lang='lat' dir='ltr'>perutilis</span> <span class='ocrx_word' id='word_1_103' title='bbox 1027 2240 1132 2324; x_wconf 89' lang='lat' dir='ltr'>uuda;</span> 
     </span>
     <span class='ocr_line' id='line_1_18' title="bbox 301 2354 1253 2446; baseline 0.002 -28"><span class='ocrx_word' id='word_1_104' title='bbox 301 2357 448 2443; x_wconf 88' lang='lat' dir='ltr'>Quaeque</span> <span class='ocrx_word' id='word_1_105' title='bbox 462 2355 541 2420; x_wconf 89' lang='lat' dir='ltr'>deos</span> <span class='ocrx_word' id='word_1_106' title='bbox 555 2356 700 2444; x_wconf 87' lang='lat' dir='ltr'>placent,</span> <span class='ocrx_word' id='word_1_107' title='bbox 713 2354 955 2446; x_wconf 86' lang='lat' dir='ltr'>hominumque</span> <span class='ocrx_word' id='word_1_108' title='bbox 972 2356 1007 2418; x_wconf 92' lang='lat' dir='ltr'>in</span> <span class='ocrx_word' id='word_1_109' title='bbox 1024 2356 1141 2420; x_wconf 88' lang='lat' dir='ltr'>funere</span> <span class='ocrx_word' id='word_1_110' title='bbox 1153 2355 1253 2422; x_wconf 90' lang='lat' dir='ltr'>dona.</span> 
     </span>
     <span class='ocr_line' id='line_1_19' title="bbox 297 2469 1339 2560; baseline -0.001 -25"><span class='ocrx_word' id='word_1_111' title='bbox 297 2470 467 2559; x_wconf 88' lang='lat' dir='ltr'>Multaque</span> <span class='ocrx_word' id='word_1_112' title='bbox 482 2486 636 2559; x_wconf 83' lang='lat' dir='ltr'>praeterea</span> <span class='ocrx_word' id='word_1_113' title='bbox 650 2469 731 2533; x_wconf 93' lang='lat' dir='ltr'>mihi</span> <span class='ocrx_word' id='word_1_114' title='bbox 746 2470 814 2535; x_wconf 87' lang='lat' dir='ltr'>visa</span> <span class='ocrx_word' id='word_1_115' title='bbox 832 2486 866 2535; x_wconf 92' lang='lat' dir='ltr'>et</span> <span class='ocrx_word' id='word_1_116' title='bbox 880 2470 1014 2560; x_wconf 83' lang='lat' dir='ltr'>cognita</span> <span class='ocrx_word' id='word_1_117' title='bbox 1026 2470 1115 2555; x_wconf 84' lang='lat' dir='ltr'>dixi,</span> <span class='ocrx_word' id='word_1_118' title='bbox 1308 2498 1339 2543; x_wconf 63' lang='lat' dir='ltr'>a,</span> 
     </span>
     <span class='ocr_line' id='line_1_20' title="bbox 299 2578 1174 2674; baseline 0 -25"><span class='ocrx_word' id='word_1_119' title='bbox 299 2587 412 2669; x_wconf 90' lang='lat' dir='ltr'>Quum</span> <span class='ocrx_word' id='word_1_120' title='bbox 425 2578 573 2674; x_wconf 70' lang='lat' dir='ltr'>¹peterem</span> <span class='ocrx_word' id='word_1_121' title='bbox 590 2584 908 2672; x_wconf 84' lang='lat' dir='ltr'>tenebraspallentis</span> <span class='ocrx_word' id='word_1_122' title='bbox 920 2586 1079 2649; x_wconf 82' lang='lat' dir='ltr'>Taenaron</span> <span class='ocrx_word' id='word_1_123' title='bbox 1095 2585 1174 2649; x_wconf 90' lang='lat' dir='ltr'>Orci</span> 
     </span>
     <span class='ocr_line' id='line_1_21' title="bbox 297 2696 1044 2788; baseline 0 -24"><span class='ocrx_word' id='word_1_124' title='bbox 297 2700 446 2765; x_wconf 87' lang='lat' dir='ltr'>Confisus</span> <span class='ocrx_word' id='word_1_125' title='bbox 463 2699 586 2763; x_wconf 88' lang='lat' dir='ltr'>cithara</span> <span class='ocrx_word' id='word_1_126' title='bbox 598 2720 670 2761; x_wconf 88' lang='lat' dir='ltr'>cara</span> <span class='ocrx_word' id='word_1_127' title='bbox 687 2698 906 2788; x_wconf 84' lang='lat' dir='ltr'>procoujuge</span> <span class='ocrx_word' id='word_1_128' title='bbox 923 2696 1044 2764; x_wconf 86' lang='lat' dir='ltr'>nostra.</span> 
     </span>
     <span class='ocr_line' id='line_1_22' title="bbox 296 2802 1094 2900; baseline -0.005 -21"><span class='ocrx_word' id='word_1_129' title='bbox 296 2815 339 2879; x_wconf 87' lang='lat' dir='ltr'>Et</span> <span class='ocrx_word' id='word_1_130' title='bbox 355 2813 457 2878; x_wconf 88' lang='lat' dir='ltr'>cecini</span> <span class='ocrx_word' id='word_1_131' title='bbox 477 2834 542 2899; x_wconf 91' lang='lat' dir='ltr'>qua</span> <span class='ocrx_word' id='word_1_132' title='bbox 559 2834 648 2875; x_wconf 87' lang='lat' dir='ltr'>sacra</span> <span class='ocrx_word' id='word_1_133' title='bbox 663 2811 771 2876; x_wconf 81' lang='lat' dir='ltr'>nitent</span> <span class='ocrx_word' id='word_1_134' title='bbox 785 2802 939 2900; x_wconf 82' lang='lat' dir='ltr'>AEgyptia</span> <span class='ocrx_word' id='word_1_135' title='bbox 955 2836 1094 2900; x_wconf 89' lang='lat' dir='ltr'>pompa,</span> 
     </span>
     <span class='ocr_line' id='line_1_23' title="bbox 297 2924 1229 3014; baseline 0.001 -22"><span class='ocrx_word' id='word_1_136' title='bbox 297 2926 465 2993; x_wconf 88' lang='lat' dir='ltr'>Accedens</span> <span class='ocrx_word' id='word_1_137' title='bbox 481 2924 662 3013; x_wconf 88' lang='lat' dir='ltr'>Memphim</span> <span class='ocrx_word' id='word_1_138' title='bbox 679 2925 883 3012; x_wconf 77' lang='lat' dir='ltr'>praeclaram,</span> <span class='ocrx_word' id='word_1_139' title='bbox 897 2942 995 3014; x_wconf 88' lang='lat' dir='ltr'>atque</span> <span class='ocrx_word' id='word_1_140' title='bbox 1007 2925 1111 3014; x_wconf 91' lang='lat' dir='ltr'>Apide</span> <span class='ocrx_word' id='word_1_141' title='bbox 1124 2944 1229 2993; x_wconf 85' lang='lat' dir='ltr'>terras</span> 
     </span>
     <span class='ocr_line' id='line_1_24' title="bbox 295 3010 1423 3131; baseline -0.008 -24"><span class='ocrx_word' id='word_1_142' title='bbox 295 3042 461 3131; x_wconf 88' lang='lat' dir='ltr'>Insignes‚</span> <span class='ocrx_word' id='word_1_143' title='bbox 480 3038 584 3127; x_wconf 89' lang='lat' dir='ltr'>rapidi</span> <span class='ocrx_word' id='word_1_144' title='bbox 600 3039 665 3103; x_wconf 89' lang='lat' dir='ltr'>Nili</span> <span class='ocrx_word' id='word_1_145' title='bbox 680 3042 761 3127; x_wconf 86' lang='lat' dir='ltr'>quas</span> <span class='ocrx_word' id='word_1_146' title='bbox 776 3039 864 3104; x_wconf 90' lang='lat' dir='ltr'>unda</span> <span class='ocrx_word' id='word_1_147' title='bbox 881 3057 1028 3105; x_wconf 85' lang='lat' dir='ltr'>coronat</span> <span class='ocrx_word' id='word_1_148' title='bbox 1154 3095 1156 3098; x_wconf 89' lang='lat'><em>.</em></span> <span class='ocrx_word' id='word_1_149' title='bbox 1305 3063 1333 3106; x_wconf 72' lang='lat' dir='ltr'>ts</span> <span class='ocrx_word' id='word_1_150' title='bbox 1421 3010 1423 3069; x_wconf 80' lang='lat'>!</span> 
     </span>
     <span class='ocr_line' id='line_1_25' title="bbox 225 3142 1188 3244; baseline -0.003 -21"><span class='ocrx_word' id='word_1_151' title='bbox 225 3142 231 3157; x_wconf 64' lang='grc'><strong>’</strong></span> <span class='ocrx_word' id='word_1_152' title='bbox 295 3159 380 3223; x_wconf 87' lang='lat' dir='ltr'>Vera</span> <span class='ocrx_word' id='word_1_153' title='bbox 398 3148 457 3219; x_wconf 91' lang='lat' dir='ltr'>tibi</span> <span class='ocrx_word' id='word_1_154' title='bbox 475 3170 587 3218; x_wconf 88' lang='lat' dir='ltr'>nostro</span> <span class='ocrx_word' id='word_1_155' title='bbox 611 3156 729 3217; x_wconf 83' lang='lat' dir='ltr'>cuncta</span> <span class='ocrx_word' id='word_1_156' title='bbox 748 3154 877 3218; x_wconf 83' lang='lat' dir='ltr'>haec&#39;de</span> <span class='ocrx_word' id='word_1_157' title='bbox 893 3171 1025 3244; x_wconf 88' lang='lat' dir='ltr'>pectore</span> <span class='ocrx_word' id='word_1_158' title='bbox 1045 3174 1188 3222; x_wconf 88' lang='lat' dir='ltr'>manant.</span> 
     </span>
     <span class='ocr_line' id='line_1_26' title="bbox 338 3264 1245 3357; baseline 0 -21"><span class='ocrx_word' id='word_1_159' title='bbox 338 3272 437 3337; x_wconf 88' lang='lat' dir='ltr'>Nunc</span> <span class='ocrx_word' id='word_1_160' title='bbox 451 3264 606 3357; x_wconf 88' lang='lat' dir='ltr'>quoniam</span> <span class='ocrx_word' id='word_1_161' title='bbox 619 3266 766 3357; x_wconf 78' lang='lat' dir='ltr'>&#39;flagrans</span> <span class='ocrx_word' id='word_1_162' title='bbox 784 3268 819 3331; x_wconf 92' lang='lat' dir='ltr'>in</span> <span class='ocrx_word' id='word_1_163' title='bbox 836 3268 931 3332; x_wconf 87' lang='lat' dir='ltr'>nobis</span> <span class='ocrx_word' id='word_1_164' title='bbox 950 3268 1055 3334; x_wconf 88' lang='lat' dir='ltr'>evolat</span> <span class='ocrx_word' id='word_1_165' title='bbox 1071 3287 1206 3337; x_wconf 86' lang='lat' dir='ltr'>oestrurn</span> <span class='ocrx_word' id='word_1_166' title='bbox 1216 3287 1245 3356; x_wconf 81' lang='lat'>,·&#39;</span> 
     </span>
     <span class='ocr_line' id='line_1_27' title="bbox 295 3383 1181 3476; baseline -0.001 -24"><span class='ocrx_word' id='word_1_167' title='bbox 295 3390 495 3475; x_wconf 78' lang='lat' dir='ltr'>Corporeum</span> <span class='ocrx_word' id='word_1_168' title='bbox 512 3383 663 3471; x_wconf 89' lang='lat' dir='ltr'>linquens</span> <span class='ocrx_word' id='word_1_169' title='bbox 679 3384 800 3447; x_wconf 90' lang='lat' dir='ltr'>molem</span> <span class='ocrx_word' id='word_1_170' title='bbox 815 3406 915 3470; x_wconf 84' lang='lat' dir='ltr'>super</span> <span class='ocrx_word' id='word_1_171' title='bbox 929 3386 1047 3449; x_wconf 85' lang='lat' dir='ltr'>aethera</span> <span class='ocrx_word' id='word_1_172' title='bbox 1063 3387 1181 3476; x_wconf 89' lang='lat' dir='ltr'>longe,</span> 
     </span>
     <span class='ocr_line' id='line_1_28' title="bbox 293 3496 1080 3586; baseline -0.004 -18"><span class='ocrx_word' id='word_1_173' title='bbox 293 3505 370 3569; x_wconf 91' lang='lat' dir='ltr'>Non</span> <span class='ocrx_word' id='word_1_174' title='bbox 384 3498 494 3565; x_wconf 87' lang='lat' dir='ltr'>audita</span> <span class='ocrx_word' id='word_1_175' title='bbox 509 3496 599 3586; x_wconf 86' lang='lat' dir='ltr'>prius</span> <span class='ocrx_word' id='word_1_176' title='bbox 615 3511 730 3560; x_wconf 92' lang='lat' dir='ltr'>nostro</span> <span class='ocrx_word' id='word_1_177' title='bbox 747 3496 789 3563; x_wconf 91' lang='lat' dir='ltr'>de</span> <span class='ocrx_word' id='word_1_178' title='bbox 801 3498 945 3563; x_wconf 86' lang='lat' dir='ltr'>carmine</span> <span class='ocrx_word' id='word_1_179' title='bbox 957 3499 1080 3565; x_wconf 85' lang='lat' dir='ltr'>disces:</span> 
     </span>
     <span class='ocr_line' id='line_1_29' title="bbox 189 3606 1423 3701; baseline -0.002 -20"><span class='ocrx_word' id='word_1_180' title='bbox 189 3654 190 3657; x_wconf 33' lang='lat'>¹</span> <span class='ocrx_word' id='word_1_181' title='bbox 291 3606 439 3682; x_wconf 84' lang='lat' dir='ltr'>Pieriam</span> <span class='ocrx_word' id='word_1_182' title='bbox 449 3630 487 3678; x_wconf 91' lang='lat' dir='ltr'>ut</span> <span class='ocrx_word' id='word_1_183' title='bbox 508 3610 690 3700; x_wconf 89' lang='lat' dir='ltr'>quondam,</span> <span class='ocrx_word' id='word_1_184' title='bbox 714 3612 1035 3701; x_wconf 85' lang='lat' dir='ltr'>Libethraquevenit</span> <span class='ocrx_word' id='word_1_185' title='bbox 1048 3615 1168 3681; x_wconf 86' lang='lat' dir='ltr'>adalta</span> <span class='ocrx_word' id='word_1_186' title='bbox 1304 3639 1333 3678; x_wconf 71' lang='lat' dir='ltr'>so</span> <span class='ocrx_word' id='word_1_187' title='bbox 1421 3692 1423 3695; x_wconf 9' lang='grc' dir='ltr'><em>Α</em></span> 
     </span>
     <span class='ocr_line' id='line_1_30' title="bbox 294 3704 1107 3816; baseline -0.004 -20"><span class='ocrx_word' id='word_1_188' title='bbox 294 3730 482 3797; x_wconf 90' lang='lat' dir='ltr'>Semideum</span> <span class='ocrx_word' id='word_1_189' title='bbox 501 3727 685 3816; x_wconf 87' lang='lat' dir='ltr'>pariterque</span> <span class='ocrx_word' id='word_1_190' title='bbox 702 3726 843 3792; x_wconf 91' lang='lat' dir='ltr'>heroum</span> <span class='ocrx_word' id='word_1_191' title='bbox 855 3704 981 3816; x_wconf 88' lang='lat' dir='ltr'>primus</span> <span class='ocrx_word' id='word_1_192' title='bbox 993 3730 1107 3814; x_wconf 89' lang='lat' dir='ltr'>Iason,</span> 
     </span>
     <span class='ocr_line' id='line_1_31' title="bbox 257 3842 1088 3932; baseline -0.004 -21"><span class='ocrx_word' id='word_1_193' title='bbox 257 3854 258 3858; x_wconf 75' lang='grc'>’</span> <span class='ocrx_word' id='word_1_194' title='bbox 292 3848 335 3911; x_wconf 84' lang='grc' dir='ltr'>Εῑ</span> <span class='ocrx_word' id='word_1_195' title='bbox 348 3845 410 3910; x_wconf 89' lang='lat' dir='ltr'>sibi</span> <span class='ocrx_word' id='word_1_196' title='bbox 425 3866 487 3932; x_wconf 90' lang='lat' dir='ltr'>pro</span> <span class='ocrx_word' id='word_1_197' title='bbox 502 3842 610 3907; x_wconf 89' lang='lat' dir='ltr'>reditu</span> <span class='ocrx_word' id='word_1_198' title='bbox 626 3858 736 3931; x_wconf 89' lang='lat' dir='ltr'>rogat,</span> <span class='ocrx_word' id='word_1_199' title='bbox 751 3843 921 3907; x_wconf 87' lang='lat' dir='ltr'>auxiliator</span> <span class='ocrx_word' id='word_1_200' title='bbox 933 3860 972 3908; x_wconf 93' lang='lat' dir='ltr'>ut</span> <span class='ocrx_word' id='word_1_201' title='bbox 987 3844 1088 3927; x_wconf 92' lang='lat' dir='ltr'>irem,</span> 
     </span>
     <span class='ocr_line' id='line_1_32' title="bbox 292 3954 1101 4049; baseline -0.005 -24"><span class='ocrx_word' id='word_1_202' title='bbox 292 3961 407 4049; x_wconf 89' lang='lat' dir='ltr'>Puppe</span> <span class='ocrx_word' id='word_1_203' title='bbox 424 3978 534 4022; x_wconf 90' lang='lat' dir='ltr'>secans</span> <span class='ocrx_word' id='word_1_204' title='bbox 548 3956 668 4037; x_wconf 80' lang='lat' dir='ltr'>altum,</span> <span class='ocrx_word' id='word_1_205' title='bbox 685 3954 829 4021; x_wconf 90' lang='lat' dir='ltr'>crudelia</span> <span class='ocrx_word' id='word_1_206' title='bbox 844 3978 943 4046; x_wconf 89' lang='lat' dir='ltr'>regna</span> <span class='ocrx_word' id='word_1_207' title='bbox 956 3959 1101 4046; x_wconf 89' lang='lat' dir='ltr'>petenti,</span> 
     </span>
     <span class='ocr_line' id='line_1_33' title="bbox 292 4067 1197 4158; baseline -0.003 -20"><span class='ocrx_word' id='word_1_208' title='bbox 292 4070 419 4139; x_wconf 86' lang='lat' dir='ltr'>Divitiis</span> <span class='ocrx_word' id='word_1_209' title='bbox 436 4084 566 4158; x_wconf 85' lang='lat' dir='ltr'>gentem</span> <span class='ocrx_word' id='word_1_210' title='bbox 582 4067 744 4132; x_wconf 86' lang='lat' dir='ltr'>scelerum</span> <span class='ocrx_word' id='word_1_211' title='bbox 761 4090 894 4155; x_wconf 85' lang='lat' dir='ltr'>quoque</span> <span class='ocrx_word' id='word_1_212' title='bbox 913 4068 999 4132; x_wconf 90' lang='lat' dir='ltr'>mole</span> <span class='ocrx_word' id='word_1_213' title='bbox 1013 4085 1197 4158; x_wconf 75' lang='lat' dir='ltr'>gravatam-3</span> 
     </span>
    </p>
   </div>
   <div class='ocr_carea' id='block_1_3' title="bbox 0 0 1434 4975">
    <p class='ocr_par' dir='ltr' id='par_1_3' title="bbox 0 0 1434 4975">
     <span class='ocr_line' id='line_1_34' title="bbox 0 0 1434 4975; baseline 0 5"><span class='ocrx_word' id='word_1_214' title='bbox 0 0 1434 4975; x_wconf 95' lang='lat' dir='ltr'> </span> 
     </span>
    </p>
   </div>
  </div>
 </body>
</html>
