2859 4975
371 461 375 468 ·
410 431 846 498 aneonauranun.
1101 430 1162 518 391

110 569 222 618 eutem
244 554 392 618 conferre
421 554 539 618 durum
565 569 630 616 est:
662 575 737 616 nam
763 550 903 639 plurima
931 551 1063 617 demum
1089 570 1164 642 post

109 661 342 748 Argonauticam
359 659 600 746 expeditionem
619 658 819 722 acciderunt.
843 660 974 723 Herculi
992 660 1080 724 enim
1097 660 1164 740 jam

109 780 246 850 provecta
268 779 360 827 aetate
383 763 516 828 adhoesit
535 765 679 827 Theseus
702 762 849 842 juvenis,
873 779 906 826 et
932 765 966 826 in
989 767 1166 828 Amazonia

107 869 299 958 expeditione
314 869 421 933 socius
439 870 517 949 fuit;
538 869 686 934 interfuit
702 869 779 932 huic
796 868 1015 956 expeditioni,
1035 871 1165 934 venatui

107 976 166 1063 apri
191 975 376 1063 Calydonii,
402 993 435 1040 et
458 977 566 1064 rapuit
590 976 765 1055 Helenam,
787 997 860 1062 quae
882 975 966 1038 circa
987 974 1164 1056 Trojanum

106 1081 216 1144 bellum
230 1083 367 1146 maxime
381 1080 506 1162 floruit3
520 1105 593 1169 quaa
603 1081 714 1144 omnia
725 1081 753 1144 si
765 1081 910 1144 Theseus
920 1096 971 1144 tot
978 1097 1164 1169 temporum

106 1185 266 1250 intervallis
280 1185 429 1250 distincta
446 1187 529 1276 egit,
546 1187 660 1250 saecula
676 1185 744 1249 duo
761 1186 813 1248 vel
832 1186 892 1248 tria
910 1186 1025 1250 vixisse
1041 1185 1165 1255 debuit.

105 1293 188 1354 Certe
206 1293 302 1356 Jason
323 1291 522 1380 Hypsipylen
547 1306 677 1380 neptem
698 1290 856 1355 Ariadnes
877 1313 936 1354 nec
952 1289 1078 1372 videre,
1105 1313 1165 1354 uec

103 1397 206 1460 Lemni
222 1420 418 1486 cognoscere
435 1398 561 1485 potuit,
589 1398 664 1460 licet
688 1413 798 1460 noster
813 1397 912 1459 Poeta
929 1396 1007 1460 huic
1024 1395 1164 1460 difficul-

104 1503 154 1564 tati
171 1503 347 1566 0ocurrisse
366 1502 467 1567 videri
485 1503 604 1590 possit,
625 1523 684 1590 per
706 1526 761 1584 ea,
782 1525 854 1589 quae
874 1501 916 1566 de
936 1501 1077 1565 Ariadna
1095 1525 1163 1566 me-

103 1625 198 1673 morat
215 1610 356 1689 lib.Vll,
380 1632 461 1696 279,
484 1609 538 1672 ubi
562 1611 712 1673 iasonem
736 1608 883 1675 Ariadnae
901 1610 1103 1672 mentionem
1118 1611 1165 1672 11-

102 1715 231 1777 cientem
251 1714 387 1779 inducit.

140 1935 342 2014 LAERTES‚
362 1936 480 1999 Arcesii
493 1934 593 2011 filius,
607 1952 697 2022 pater
708 1936 835 2022 Ulyxis,
849 1959 868 1998 a
879 1937 949 1998 solo
962 1935 1162 2021 Apollodoro

99 2040 178 2102 inter
187 2043 389 2129 Argonautas
403 2043 552 2123 refertur,
566 2041 700 2128 reliquis
714 2041 869 2104 omnibus
883 2041 1061 2130 ignoratur.
1069 2041 1098 2102 T
1099 2063 1164 2102 em-

99 2169 171 2232 pora
186 2148 261 2211 satis
279 2149 498 2229 conveniunt,
513 2165 545 2212 et
560 2148 711 2236 cognatio
735 2171 811 2212 cum
830 2151 946 2212 Jasone
969 2163 1002 2210 et
1024 2146 1163 2212 AEolidis

99 2253 198 2339 potuit
216 2277 292 2318 eum
310 2254 387 2318 huic
404 2255 524 2318 militiae
541 2254 673 2318 sociare.
693 2256 838 2334 Arcesilas
854 2254 944 2317 enim
960 2251 1045 2318 filius
1061 2254 1162 2333 Celei,

98 2357 145 2419 1111
162 2359 312 2445 Cephali,
337 2359 480 2422 11101110
497 2362 596 2422 frater
611 2349 760 2448 Phylaci,
780 2376 813 2422 et
829 2359 912 2422 filius
930 2359 1087 2441 Deionei,
1106 2359 1163 2446 qui

98 2461 178 2527 AEoli
196 2462 281 2527 filius
297 2463 375 2544 fuit3
389 2464 462 2529 licet
477 2465 511 2528 in
531 2465 595 2529 hoc
614 2480 785 2529 stemmate
801 2463 948 2553 quaedam
964 2465 1057 2529 aliter
1072 2463 1162 2528 ordi·

98 2586 228 2651 nentur,
248 2588 281 2634 et
302 2571 371 2658 ipse
393 2573 511 2659 Ulyxes
536 2570 626 2659 apud
644 2570 813 2654 Ovidium,
834 2572 912 2635 Met.
928 2572 1026 2652 Xlll,
1043 2571 1162 2634 Arcesii

97 2691 213 2758 patrem
231 2678 346 2741 lovem
363 2677 462 2740 fuisse
478 2677 650 2765 glorietur:
667 2700 740 2763 quae
756 2678 866 2739 omnia
881 2678 1008 2766 egregie
1024 2678 1168 2741 illustra·

96 2781 138 2843 vit
161 2782 358 2847 Mezeriacus
380 2781 422 2847 ad
446 2781 540 2845 Ovid.
564 2783 665 2871 Epist
685 2783 720 2863 1,
740 2782 834 2861 cujus
852 2784 971 2847 scrinia
986 2784 1161 2871 compilare

96 2908 158 2948 non
175 2888 266 2951 libet.
286 2887 387 2951 Addit
403 2887 489 2951 idem
507 2888 724 2969 Meteriacus,
737 2888 911 2951 credidisse
928 2890 1064 2963 multos,
1082 2888 1161 2976 Uly-

95 3014 162 3055 xem
183 3017 223 3057 ex
249 2994 369 3058 furtivo
394 3017 469 3057 cum
489 3010 591 3056 matre
609 2992 677 3072 ejus
699 2995 789 3057 coitu
808 3018 846 3057 ex
869 2994 1009 3082 Sisypho
1029 3011 1160 3073 natum,

95 3096 180 3181 quod
192 3098 255 3186 ipsi
266 3098 378 3177 objicit
389 3098 477 3181 Ajax,
492 3113 524 3161 et
538 3098 580 3161 ita
595 3098 730 3185 propius
739 3098 885 3178 AEolum,
897 3099 948 3178 cuj
954 3123 990 3163 us
1002 3100 1160 3188 Sisyphus

95 3199 173 3265 lilius
190 3204 270 3287 fuit,
289 3204 502 3292 contingeret.

138 3425 344 3489 LAOCOON
351 3473 360 3506 ,
374 3426 565 3489 Parthaonis
581 3423 681 3505 filius,
697 3423 805 3487 OEnei
820 3426 930 3505 frater,
942 3421 1158 3510 Calydonius,

92 3544 122 3590 et
140 3547 273 3615 patruus
290 3532 461 3619 Meleagri,
479 3532 513 3594 in
533 3533 625 3612 eujus
641 3531 776 3595 nomine
793 3528 835 3593 de
852 3545 1022 3593 stemmate
1038 3529 1157 3595 horum

92 3654 230 3720 agemmt
253 3637 455 3701 Memoratur
482 3637 535 3700 hic
562 3638 647 3700 inter
671 3638 876 3723 Argonautas
904 3635 944 3697 ab
971 3634 1102 3722 Hygino
1126 3653 1159 3699 et

91 3740 264 3826 Apollonio
278 3742 427 3824 Rhodio,
453 3743 510 3807 lib.
531 3745 563 3823 1,
592 3766 670 3827 192,
697 3743 754 3829 qui
778 3741 886 3823 addit,
915 3742 1007 3805 illum
1032 3764 1072 3804 ex
1098 3742 1158 3805 alia

91 3862 190 3909 matre
206 3862 335 3929 natum,
361 3864 393 3911 et
414 3846 546 3934 quidem
568 3847 700 3910 ancilla:
728 3870 828 3933 quare
846 3847 980 3911 OEneus
997 3870 1072 3909 eum
1089 3844 1157 3909 filio

91 3970 148 4015 suo
159 3950 324 4041 Meleagro
335 3952 425 4016 addit
437 3963 593 4033 κοσμήτορα,
615 3969 786 4036 rectorem.
812 3955 854 4017 Et
872 3953 942 4017 ltaee
956 3954 1042 4017 forte
1056 3952 1159 4032 ratio,

90 4076 146 4117 cur
162 4056 202 4121 ab
217 4058 432 4146 Apollodoro,
452 4060 507 4123 lib.
526 4062 557 4141 1,
575 4084 642 4148 cap.
658 4084 689 4145 7,
706 4070 722 4134 S
739 4084 791 4141 11,
807 4061 892 4124 inter
905 4060 987 4125 filios
1003 4060 1158 4123 Parthao-

91 4160 139 4223 nis
164 4185 231 4226 non
255 4182 464 4247 numeretur,
491 4188 551 4229 nec
574 4165 669 4231 etiam
693 4165 746 4228 alii
770 4166 855 4229 inter
881 4170 1106 4255 Argonautas,
1120 4181 1160 4228 ut
