2859 4975
202 433 265 537 C.
292 431 602 536 VALERII
631 414 907 532 FLACCI

355 683 563 764 sertui
599 679 778 766 aanor

134 932 138 942 ‘
181 887 955 1022 ARGONAUTICON

290 1148 470 1227 LIBER
510 1145 832 1226 SEPTIMUS.

371 1353 819 1388 Μῦν-κ.

238 1523 485 1593 ANALYSIS
515 1521 655 1590 LIBRI
687 1519 909 1588 SEPTIMI.

40 1689 102 1742 Post
117 1685 218 1764 epulas
237 1684 267 1742 in
283 1684 390 1762 palatio
406 1684 444 1741 ad
461 1701 555 1740 seram
573 1694 688 1740 noctem
703 1693 865 1758 protractas
879 1679 1025 1756 utrimque
1040 1693 1105 1738 tan-

75 1776 140 1834 dem
155 1774 329 1856 disceditur',
348 1774 454 1836 Medea
472 1789 568 1832 autern
587 1775 750 1832 insomnem
765 1772 897 1849 transigit
911 1785 1037 1844 noctem,
1055 1793 1107 1830 va-

76 1868 124 1926 riis
139 1868 229 1926 animi
243 1868 349 1946 agitata
367 1865 511 1938 motibus,
531 1885 657 1944 quorum
673 1884 790 1924 causam
814 1869 950 1923 Jasonem
968 1884 1030 1922 esse
1051 1864 1106 1922 sibi

74 1960 135 2036 ipsa
146 1959 267 2036 quidem
281 1961 395 2030 fatetur,
412 1979 465 2017 nec
481 1973 592 2028 tamen,
602 1978 660 2035 qua
674 1959 787 2016 ratione
802 1957 895 2035 optati
908 1976 1029 2035 compos
1040 1958 1089 2016 liat
1097 2001 1106 2029 ,
1189 2028 1192 2037 Ι

76 2052 228 2130 perspicit,
243 2051 337 2110 1-25.
358 2051 504 2110 Postridie
523 2057 612 2112 Jason
633 2071 731 2130 regem
750 2050 874 2108 victoria
894 2051 992 2110 laetum
1011 2049 1108 2108 denuo

76 2143 245 2202 adeundum
266 2157 360 2216 ratris,
384 2143 425 2202 nil
447 2143 540 2216 aliud,
559 2164 646 2222 quatu
664 2157 769 2222 sponte
793 2142 848 2201 sihi
870 2164 991 2202 aureum
1017 2145 1109 2202 vellus

76 2234 207 2294 oblatum
221 2236 268 2310 iri,
280 2248 392 2314 sperat,
404 2236 465 2292 26-
474 2238 521 2294 31.
537 2240 671 2296 Frustra:
688 2256 740 2294 rex
757 2235 834 2294 enim
848 2235 945 2295 denuo
959 2235 1109 2295 audaciam

75 2329 349 2407 impudentiamque,
368 2329 467 2388 Jasoni
484 2327 660 2406 exprobrat,
676 2329 727 2406 qui
746 2329 831 2387 tertis
852 2348 868 2385 e
888 2328 1053 2407 longinquis
1070 2329 1111 2386 nil

76 2423 132 2480 nisi
147 2423 251 2502 praedo
272 2422 439 2497 advenerit,
460 2435 493 2480 ut
512 2422 634 2482 donaria
654 2441 671 2479 e
693 2422 822 2500 templis,
845 2433 999 2499 natasque,
1017 2421 1041 2480 si
1066 2420 1113 2478 dis‘

78 2516 199 2593 placeat,
210 2516 306 2595 rapiat
319 2530 406 2595 atque
421 2536 518 2575 secum
532 2515 667 2575 abducat.
680 2542 692 2567 a
705 2516 736 2575 Si
752 2529 861 2588 tamen,
874 2515 915 2575 sic
928 2515 1032 2593 pergit,
1044 2534 1113 2592 per·

78 2622 152 2682 stas,
168 2630 238 2687 age,
261 2623 360 2669 tauros
380 2610 409 2667 iu
424 2629 495 2687 agro
512 2609 549 2667 ad
563 2607 667 2668 urbem
681 2608 738 2667 sito
753 2607 916 2685 ignivomos
932 2619 1031 2665 aratm
1041 2606 1113 2683 jun-

77 2720 143 2777 gas,
154 2721 211 2758 nec
226 2700 365 2773 deerunt,
380 2721 445 2780 quae
458 2721 512 2779 per
522 2700 618 2761 sulcos
629 2720 763 2779 spargas,
776 2700 896 2759 semina.
904 2700 1013 2758 Tecum
1026 2690 1114 2777 igitur

78 2792 207 2869 tuisque,
221 2811 294 2869 quos
303 2793 411 2869 jactas,
428 2814 495 2853 cnm
517 2794 572 2852 diis
586 2792 752 2873 perpende,
765 2814 819 2853 nec
834 2792 891 2853 nisi
904 2792 991 2850 unios
1002 2810 1115 2851 moram

78 2886 172 2943 noctis
186 2883 243 2941 tibi
256 2885 415 2958 concedo»,
428 2888 532 2960 3²·77·
548 2886 653 2945 Medea
663 2884 701 2944 ad
714 2885 777 2945 haec
788 2883 880 2964 patris
894 2884 1025 2943 crudelia
1035 2882 1115 2961 jussa

79 2975 278 3037 contremiscit
292 2976 416 3055 pallida,
444 2980 580 3057 timetque
600 2979 637 3037 de
656 2980 787 3058 hospite,
807 2979 875 3057 qui,
901 2999 965 3057 quae
984 2970 1134 3057 pericula'

79 3068 177 3146 ipsum
197 3084 347 3143 maneant,
371 3072 491 3139 fortasse
505 3073 635 3149 ignorat,
651 3074 688 3145 78
699 3106 715 3117 -
730 3074 779 3131 81.
806 3078 897 3131 Jason
918 3072 999 3131 duris
1016 3069 1116 3137 verbis

79 3164 215 3241 increpat
229 3164 345 3241 tyranni
358 3166 528 3246 perfidiam,
550 3166 681 3243 nihilque
695 3186 726 3224 se
742 3165 933 3228 reformidare
946 3166 1117 3237 confirmat,

79 3251 227 3331 quidquid
241 3254 328 3313 Peliae
342 3260 488 3335 AEetaeque
509 3256 674 3335 horumque
690 3259 796 3320 similes
811 3259 926 3336 tyranni
942 3277 1042 3318 omnes
1060 3255 1117 3317 sihi

80 3345 250 3423 imponant3
259 3360 289 3404 et
303 3348 344 3405 sic
358 3368 393 3407 ex
408 3350 474 3407 aula
488 3370 517 3407 se
529 3352 671 3429 proripit,
688 3353 826 3411 tta-102.
840 3351 899 3411 Vix
910 3350 1043 3409 attollere
1056 3352 1117 3408 vul-

80 3450 146 3493 tum
161 3456 231 3497 ausa
247 3438 353 3499 Medea
367 3442 458 3499 oculis
473 3454 571 3501 tamen
582 3444 770 3522 prosequitur
784 3443 955 3516 abeuntem,
969 3442 1021 3519 qui
1035 3461 1117 3499 num-

82 3549 174 3607 quam
195 3544 279 3591 antea
300 3546 358 3592 tarn
373 3535 496 3612 pulcher
516 3548 631 3613 tamque
648 3535 836 3597 admirandus
855 3550 931 3595 esset
949 3535 1037 3596 visus·
1053 3539 1119 3595 Jam
1138 3576 1145 3583 -

82 3641 158 3679 vero
175 3642 246 3681 mox
259 3639 374 3703 sperat,
392 3628 471 3699 fore,
493 3642 526 3687 ut
539 3641 652 3707 patrem
666 3630 735 3689 saevi
746 3630 820 3707 jussi
835 3630 990 3708 poeniteat,
1003 3648 1072 3688 mox
1087 3627 1119 3685 in

81 3714 213 3787 sororis,
231 3718 371 3779 comitum
392 3710 528 3781 matrisve
548 3720 614 3779 sinn
634 3740 720 3779 curas
733 3720 882 3799 deponere
897 3723 998 3799 gestit,
1011 3721 1118 3798 patris-

82 3828 144 3887 que
165 3809 250 3869 solito
264 3809 406 3871 ¹blandius
425 3834 527 3873 manus
549 3814 714 3887 mordetur,
733 3814 857 3873 subinde
876 3828 969 3875 totum
983 3822 1121 3875 Jasouem

83 3900 184 3957 animo
197 3916 332 3961 excutere
348 3903 498 3965 allaborat.
514 3906 645 3985 Tandem
660 3927 762 3967 somno
777 3927 808 3967 se
820 3907 889 3967 dare
903 3910 998 3987 cupit,
1010 3909 1042 3967 in
1058 3926 1121 3983 quo

85 4004 184 4049 tamen
200 3993 265 4071 ipso
281 3994 369 4053 modo
389 3996 549 4079 hospitem,
568 3998 657 4058 modo
673 4014 786 4077 patrem
808 3999 953 4080 supplices
968 4000 1023 4065 sibi
1040 3998 1120 4062 videt

83 4085 165 4157 fieri,
190 4088 346 4145 103-152.
363 4090 410 4149 Ad
425 4091 499 4150 hanc
514 4092 611 4152 animo
627 4092 740 4151 Medeae
754 4094 975 4153 inconstantiam
989 4093 1117 4152 evellen-

84 4176 155 4235 dam
170 4184 186 4238 J
190 4198 249 4241 uno
263 4183 385 4241 Veneris
401 4184 540 4243 attulliurn
555 4184 652 4243 denuo
668 4187 820 4263 implorat,
839 4188 894 4248 153
906 4223 918 4231 -
937 4208 1001 4261 17⁰·
1020 4191 1118 4245 Venus
