2859 4975
577 440 620 512 C,
638 447 832 513 VALERII
863 448 1036 516 FLnoct

312 573 418 639 Flexit
434 574 474 639 ad
491 576 642 665 ignotum
660 595 759 668 capnt
773 578 988 668 infletumque
1005 581 1143 646 Monesi.

292 688 460 777 ‘Praeceps
478 692 531 755 ille
548 693 633 757 rdit:
653 702 731 757 nato
749 717 818 757 nou
833 692 959 783 depulit
971 696 1056 760 lctus
1106 702 1113 722 ‘

313 805 330 868 J
335 804 456 893 upiter3
468 806 612 871 AEsoniae
625 792 745 872 vulnus
759 807 854 872 fatale
868 808 926 873 sed
939 810 1039 874 hastae

313 918 375 982 Per
391 919 559 1008 clypeum,
580 944 638 1010 per
656 938 772 1011 pectus
783 923 867 1005 ablt3
885 925 1042 1012 lapsoque
1056 931 1213 989 cruentus

260 1069 265 1081 ·
314 1018 451 1099 Advolat
468 1034 661 1121 AEsonides,
678 1045 886 1126 mortemque
901 1038 1047 1103 radentis
1063 1020 1202 1103 acerbat.
1308 1065 1348 1102 sss

315 1150 482 1239 Spargitur
497 1152 595 1233 hinc,
612 1154 804 1241 miserisqtle
819 1155 908 1219 venit
919 1156 986 1235 jatn
1001 1170 1101 1219 notus
1117 1153 1238 1220 Alanis.

358 1268 402 1329 At
414 1268 524 1357 regina
539 1268 646 1333 virum
665 1268 790 1358 (neque
806 1270 895 1333 enim
911 1269 992 1335 deus
1006 1287 1137 1335 amovet
1149 1272 1277 1361 ignem)

316 1381 526 1471 Persequitur
542 1386 702 1469 lustrans,
719 1386 888 1475 oculisque
904 1386 1097 1451 ardentibus
1111 1387 1229 1471 haeret3

316 1497 359 1560 Et
372 1498 456 1581 jam,
475 1500 546 1565 laeta
564 1502 674 1566 minus
692 1501 859 1591 praesentis
878 1502 1019 1592 imagine
1036 1526 1174 1591 pugnae,

318 1612 525 1702 Castigatque
541 1628 666 1699 metus,
687 1631 738 1699 et,
759 1635 838 1705 quas
855 1596 916 1680 alit
929 1616 1047 1697 inscia,
1066 1633 1179 1698 curas,
1311 1636 1352 1675 ss.»

317 1728 522 1817 Respiciens,
537 1754 579 1795 an
595 1755 671 1797 vera
688 1743 799 1817 soro'r3
819 1756 879 1796 nec
896 1731 1027 1796 credere
1041 1732 1138 1796 falsos

317 1844 428 1910 Audet
443 1864 535 1912 atrox
550 1850 679 1930 vultus,
699 1835 879 1938 eademque
896 1849 930 1912 in
946 1848 1062 1939 gaudia
1076 1872 1190 1913 rursus

318 1960 463 2043 Labitur,
482 1977 515 2027 et
533 1986 622 2028 saevae
640 1963 781 2028 trahitur
798 1962 971 2027 dulcedine
990 1961 1137 2028 flammae.

318 2066 368 2139 Ac
386 2076 475 2140 velut
492 2092 567 2142 ante
586 2100 695 2143 comas
713 2102 750 2143 ac
769 2101 897 2143 summa
913 2077 1080 2152 cacumina
1100 2077 1185 2142 silvae
1244 2143 1248 2149 ,

306 2278 361 2327 651.
372 2280 449 2327 sucu
458 2283 484 2327 in
493 2282 580 2328 adtracti
586 2294 666 2345 caput,
677 2283 833 2345 insanamque
843 2286 876 2329 Μ.
888 2281 1015 2328 Camcod.
1026 2280 1084 2327 edit.
1096 2282 1155 2326 tter
1163 2280 1242 2327 Heius.
1255 2308 1288 2315 —
1297 2282 1353 2329 655.

277 2363 381 2409 Acervat,
393 2362 489 2408 Solenni
500 2363 548 2409 bet
560 2380 579 2409 ω
590 2364 770 2425 permutatione,
780 2363 856 2410 Vatic.
865 2364 957 2409 llonom
973 2361 1044 2408 codd.
1058 2364 1149 2408 bonon.
1160 2364 1178 2408 l.
1187 2365 1252 2409 Jnut.
1263 2364 1354 2409 Macer.

276 2448 334 2486 text.
352 2441 405 2508 4¹³·
421 2468 453 2477 -
468 2442 523 2504 657⁶
541 2445 619 2506 lgnes.
639 2446 730 2492 Boron.
750 2444 761 2491 1
779 2453 803 2490 ct
822 2444 858 2499 ll,
880 2452 904 2491 et
921 2442 975 2490 edd.
993 2452 1048 2490 ente
1063 2443 1129 2490 tarr.
1149 2467 1180 2478 -
1196 2441 1252 2490 663.
1275 2446 1355 2490 Soevc.

276 2521 382 2568 Vatican.
395 2522 449 2570 cod.
466 2525 511 2570 En.

313 2697 375 2750 652.
391 2705 501 2768 hoeceps
512 2703 566 2762 ille,
584 2701 713 2764 Colaxes,
725 2704 796 2761 mita
836 2699 992 2770 peregrin03
1014 2698 1069 2770 ipsa
1086 2713 1113 2749 se
1130 2697 1215 2750 celare
1233 2715 1356 2750 amorem

276 2779 388 2830 AEscnioe
400 2785 493 2832 vulnus
497 2782 596 2851 fatale,
606 2782 699 2846 letale,
712 2785 792 2832 lrastae
836 2780 895 2830 iult
903 2819 911 2843 ,
920 2787 1001 2850 quem
1010 2777 1088 2830 sentit
1097 2795 1191 2849 reapse
1201 2777 1356 2849 ,oriturque

271 2862 454 2926 percuperem,
462 2873 599 2928 perpeccat
608 2864 668 2911 abit.
835 2858 902 2910 levis
913 2857 980 2910 adeo
997 2858 1111 2928 suspicio
1125 2856 1159 2909 de
1176 2856 1274 2909 comite
1288 2875 1355 2922 sua,

313 2936 374 2992 655.
394 2937 509 2992 Advolat
530 2941 625 3010 Jason,
642 2952 793 3004 mortemque
836 2941 982 3006 respiciens,
999 2958 1033 2988 an
1052 2957 1116 2988 vera
1134 2957 1217 2996 soror,
1235 2957 1282 2987 nec
1300 2957 1356 2988 cre·

276 3020 388 3068 cadentis
406 3022 522 3080 acerbat,
545 3019 707 3072 acerbiorem
729 3020 793 3072 ficit
835 3023 894 3070 dere
900 3020 984 3086 falsos
997 3022 1074 3068 audet
1084 3033 1160 3068 anon
1173 3022 1277 3079 valum
1298 3033 1356 3068 non

276 3095 446 3161 insultando,
466 3097 613 3152 sarcasmis.
634 3098 792 3170 Etemplum
836 3097 884 3151 diu
902 3099 949 3150 alit
967 3098 1166 3169 suspicionem,
1186 3115 1238 3169 qua
1261 3107 1355 3148 tamen

224 3199 227 3206 ’
277 3175 351 3228 aliud
364 3175 424 3230 vide
434 3189 532 3250 snpra,
547 3179 595 3244 lv,
611 3179 672 3242 3111.
835 3176 962 3249 injuriam
981 3178 1095 3229 fortasse
1112 3177 1198 3228 facere
1211 3175 1296 3247 possit
1310 3193 1355 3228 so-

313 3255 375 3310 656.
389 3259 517 3326 Spargimr
526 3261 595 3319 binc,
605 3255 640 3310 ad
651 3257 717 3310 alios
728 3269 792 3327 pro·
836 3256 912 3322 rori,
934 3259 1070 3322 eademque
1088 3257 1112 3305 in
1131 3257 1230 3324 gaudia
1249 3256 1355 3316 labiw,

277 3351 375 3406 perans
387 3377 394 3403 ,
405 3341 548 3405 miserisque
558 3339 690 3405 rrenitjam
702 3349 790 3394 coms,
837 3336 939 3386 vultum
949 3334 1038 3387 denuo
1048 3334 1163 3407 explicat
1172 3373 1180 3397 ,
1189 3348 1214 3385 et
1225 3353 1297 3385 soecce
1306 3349 1359 3385 tra·

276 3426 354 3468 testes
377 3415 448 3469 enlm
467 3409 573 3490 lueranl
597 3431 689 3468 rerum
712 3414 794 3466 modo
836 3417 1174 3487 limrdulcecdnejlammoe,
1187 3413 1357 3484 pernicioso,

189 3543 191 3549 .
278 3495 381 3548 fortiter
393 3508 545 3567 gestarum,
558 3497 658 3546 Alanis.
837 3513 891 3566 quo
901 3503 990 3546 tamen
998 3493 1118 3565 jucunde
1127 3493 1358 3555 aflicitur,amorc

313 3577 376 3646 657.
395 3579 432 3626 At
453 3577 557 3642 regina,
579 3565 693 3635 Medea,
713 3585 795 3638 neque
837 3573 925 3644 abripi
933 3589 962 3624 se
970 3573 1070 3643 patitur
1080 3611 1087 3636 ,
1098 3570 1144 3644 qui
1157 3591 1172 3624 a
1184 3575 1268 3642 pario
1278 3569 1358 3624 initio

277 3658 342 3706 enim
360 3659 436 3714 deus,
455 3650 580 3724 Cupido,
600 3663 697 3702 amovet
709 3653 793 3718 ignem
838 3653 934 3707 sensim
952 3652 987 3704 ad
1008 3651 1192 3705 incredibilem
1211 3649 1358 3702 vehemen-

280 3736 395 3801 (fccem,
409 3751 435 3784 v.
452 3731 796 3800 673),uitumpepsequinrr
837 3733 902 3785 tiam
920 3713 1101 3803 progreditur.
1129 3731 1188 3782 Hoc
1209 3728 1360 3781 illustratur

277 3814 362 3867 oculis
375 3810 546 3873 ardentibus3
559 3825 583 3862 et
589 3812 647 3878 jam
660 3814 720 3861 loeta
733 3812 794 3860 ima·
838 3810 1034 3882 comparatione
1044 3829 1058 3861 a
1069 3809 1159 3862 ventis
1170 3807 1321 3879 desumpta.

277 3897 338 3962 gine
351 3908 447 3960 pugnoe
467 3894 547 3942 minue
564 3894 709 3958 presentis,
735 3890 793 3942 uni·
873 3893 933 3954 664.
945 3896 983 3941 Ac
994 3895 1133 3941 volutante
1148 3907 1250 3947 comas,
1271 3897 1358 3940 extre·

277 3981 353 4024 mtt'm
366 3970 482 4041 colligit,
496 3970 570 4042 quod
581 3971 708 4022 remotius
722 3969 794 4029 videt
837 3987 883 4022 ma
899 3969 1064 4041 singularum
1082 3967 1208 4020 arborum
1229 3965 1311 4028 lolia,
1326 3987 1359 4018 ac

278 4051 398 4124 praeliutn
409 4091 416 4114 ‚
428 4052 583 4119 castigatque
593 4047 683 4110 menis,
695 4059 720 4100 et
730 4067 793 4116 quas
838 4058 933 4100 summa
948 4051 1079 4099 cacurniua
1094 4050 1176 4106 sitm,
1191 4045 1270 4097 totius
1286 4045 1359 4097 silvae

279 4135 324 4182 alit
338 4134 419 4182 inscia
436 4149 523 4190 curas,
540 4131 598 4202 ipsu
612 4149 640 4182 se
653 4131 795 4200 repreben·
838 4128 1028 4191 extremitates,
1050 4131 1142 4179 lenibus
1165 4127 1255 4177 alludit
1263 4128 1359 4196 flabn's

279 4210 332 4276 dit,
348 4208 419 4282 quod
441 4221 495 4264 tam
513 4209 624 4264 sollicita
639 4209 671 4262 slt
688 4209 723 4263 de
735 4209 794 4265 viro
839 4211 897 4261 Ievis
915 4212 1005 4261 Auster
1017 4206 1124 4276 (mollia
1143 4203 1234 4258 omnia
1250 4210 1278 4257 ct
1297 4216 1359 4277 apte
