2859 4975
260 425 319 488 ¹7⁰
556 403 590 464 C.
615 400 812 464 VALEllll
842 400 1011 464 FLACCI

291 529 384 574 venta.
398 514 535 590 Princeps
548 513 721 586 juventutis,
736 512 894 588 Absyrtus,
910 533 988 570 arma
1000 514 1078 590 rapit
1090 514 1213 590 primus,
1225 520 1324 574 AEetes

291 609 353 684 ipse
375 607 529 664 senectutis
552 605 703 662 immernor
724 605 759 663 ad
783 605 936 664 Phasidem
949 625 1070 673 ¹amnem
1094 619 1246 684 properat,
1261 628 1325 685 prae

291 698 401 758 caeteris
414 713 509 756 tamen
522 695 621 774 regina
636 697 743 775 (ldyia)
757 697 915 758 miserabili
928 700 1060 758 oratione
1074 700 1161 757 filiam
1173 699 1325 777 deplorat,

294 793 432 864 134-174.
451 795 641 867 Argonautae,
657 791 790 849 secundis
813 791 858 850 usi
877 793 985 862 ventis,
1002 793 1063 869 jam
1083 811 1176 870 prope
1199 807 1283 851 erant
1306 815 1324 850 a

289 883 544 964 symplegadum,
560 903 577 941 a
591 883 698 962 quibus
715 904 811 963 nuper
825 898 883 942 tam
899 885 1010 943 infestis
1027 905 1129 944 cavere
1140 885 1225 963 jubet
1239 887 1324 944 navis

291 974 467 1053 guhomator
490 976 631 1054 Erginus,
661 977 825 1054 aliamque,
847 992 1022 1056 quamquam
1045 978 1223 1056 longiorem,
1244 980 1325 1036 viam

290 1069 409 1148 eligere,
427 1078 599 1148 cursumque
615 1071 730 1128 flectere
749 1070 786 1128 ad
804 1070 932 1128 Danubii
948 1073 1036 1142 ostia,
1055 1071 1199 1150 175-196.
1224 1072 1324 1130 Facile

290 1164 432 1221 consentit
448 1168 552 1234 Jason,
570 1182 622 1220 nec
641 1163 771 1240 longius,
789 1183 847 1240 quo
868 1164 944 1221 sarna
965 1184 1063 1222 rerum
1083 1185 1100 1221 a
1121 1184 1151 1222 se
1173 1176 1324 1241 gestarum

289 1255 375 1314 latius
389 1255 562 1332 divulgetur,
576 1269 689 1313 recusat
703 1256 767 1327 iter,
783 1261 922 1330 19'7·ao1.
933 1259 1037 1314 Moesta
1050 1257 1165 1312 interim
1179 1270 1208 1313 et
1222 1256 1324 1313 velato

288 1350 372 1407 vultu
392 1347 422 1404 in
443 1360 571 1405 extrema
594 1348 662 1404 navi
682 1347 762 1405 sedet
783 1346 904 1416 Medea;
930 1346 1026 1404 dolori
1044 1347 1191 1424 indulget,
1212 1347 1323 1423 vixque

289 1441 386 1500 cibum
409 1441 500 1518 capit,
519 1430 694 1517 quamquam
718 1445 808 1498 Jason
832 1441 894 1516 ipse
916 1440 1063 1516 porrigat,
1081 1439 1322 1516 Thessaliamque

289 1532 367 1591 haud
392 1532 496 1609 procul
521 1523 619 1590 abesse
641 1533 808 1600 mentiatur,
830 1531 975 1588 soa-216.
993 1530 1122 1588 Tandem
1149 1530 1323 1608 pervenitur

288 1623 324 1681 ad
336 1627 458 1696 Istrum,
470 1622 522 1680 ubi
535 1623 632 1681 datam
646 1622 758 1682 Medeae
772 1623 899 1700 conjugii
912 1622 1001 1680 fidem
1012 1623 1098 1681 sociis
1109 1629 1197 1682 Jason
1211 1623 1318 1700 aperit,

285 1736 374 1794 quarn
395 1717 436 1774 ita
455 1716 568 1794 egregie
586 1717 696 1773 meritae
718 1733 834 1795 servare
855 1716 993 1792 instigant
1014 1733 1123 1776 omnes.
1147 1716 1216 1776 Sine
1237 1735 1319 1773 mora

287 1821 427 1886 parantur
442 1807 570 1884 nuptiae;
589 1806 715 1880 incedit,
735 1820 768 1864 ut
785 1826 934 1884 nunquam
952 1820 1054 1878 antea,
1073 1808 1196 1885 pulcher
1211 1813 1317 1877 Jason,

285 1899 439 1977 pulchrior
458 1897 578 1971 Medea,
599 1897 636 1958 ab
658 1899 723 1976 ipsa
735 1905 849 1959 Venere
871 1912 1000 1976 compta,
1021 1899 1152 1960 omnium
1173 1901 1319 1960 malorum

287 1990 389 2050 oblita.
403 1995 491 2052 Sacra
507 1991 595 2061 fiunt,
613 1991 643 2050 in
656 1989 779 2068 quibus,
789 2010 966 2068 quamquam
980 2011 1073 2070 augur
1086 1997 1209 2070 Mopsus
1219 1993 1318 2052 omina

287 2104 346 2144 non
363 2083 521 2144 admodum
539 2084 604 2144 laetu
624 2082 844 2160 deprehendere
860 2082 917 2142 sibi
932 2083 1081 2154 videatur,
1108 2085 1203 2161 apulae
1223 2096 1319 2144 tamen

288 2178 374 2237 lautae
388 2189 589 2254 apponuntur,
608 2176 714 2235 hilares
728 2196 844 2249 omnes,
861 2177 1029 2254 inquorum
1040 2175 1137 2234 medio
1154 2195 1279 2252 sponsus
1291 2190 1320 2234 ct

286 2285 407 2347 sponsa,
429 2266 573 2326 substrato
588 2267 696 2328 vellere
712 2289 819 2338 aureo,
833 2269 997 2346 ,gramineis
1020 2269 1092 2328 toris
1114 2266 1319 2340 discumbunt,

288 2360 430 2432 217-258.
445 2365 504 2420 Has
518 2362 594 2438 ipsas
610 2362 722 2420 laetitias
736 2361 836 2419 turbat
849 2381 908 2420 non
925 2362 1062 2420 invitatus
1077 2361 1204 2420 conviva
1213 2359 1322 2438 absyr-

182 2524 186 2527 ,
288 2466 349 2525 tus,
368 2451 480 2513 Medeae
497 2453 603 2525 frater3
623 2454 674 2531 qui
689 2453 795 2514 acerbe
813 2454 882 2513 satis
897 2467 928 2513 et
944 2454 1089 2531 jactanter
1107 2450 1197 2511 taedas
1212 2472 1244 2511 se
1258 2472 1321 2511 non

286 2546 354 2605 huic
370 2546 463 2605 solum
480 2545 640 2618 connubio,
655 2548 705 2605 sed
723 2546 760 2605 ad
774 2548 893 2609 Graeciae
909 2547 985 2607 adeo
1000 2546 1088 2607 urbes
1101 2545 1319 2607 comburendas

288 2638 393 2697 afferre
409 2640 550 2711 minatur,
572 2640 777 2717 naviculasqne
796 2660 877 2713 suas,
891 2660 964 2718 quas
978 2641 1083 2701 multas
1099 2658 1198 2698 secum
1212 2638 1319 2709 habet,

286 2732 414 2793 Danubii
434 2734 514 2793 ostiis
535 2735 772 2814 appropinquare
792 2732 892 2810 jubet,
914 2733 1057 2810 πᾶς-305.
1079 2737 1257 2809 Argonautae
1281 2733 1319 2789 ad
1421 2751 1422 2760 2

275 2824 366 2898 haee,
383 2827 469 2887 armis
490 2822 641 2885 confestim
658 2827 766 2904 raptis,
793 2827 888 2903 parati
906 2825 943 2886 ad
960 2838 1108 2884 certamen
1121 2825 1153 2881 in
1167 2824 1252 2881 litore
1264 2823 1320 2884 ad·
1421 2825 1422 2850 ³

287 2930 380 2989 stant3
402 2918 507 2979 Medea
521 2932 630 2987 autem,
644 2920 718 2975 mori
733 2930 825 2988 certa,
841 2916 923 2977 abdit
934 2938 965 2976 se
980 2931 1078 2987 antro,
1099 2918 1204 2995 inquo
1216 2918 1319 2994 epulas
1421 2975 1422 2980 χ

286 3010 375 3071 modo
387 3011 531 3088 nuptiales
542 3008 750 3081 celebraverat,
763 3011 898 3082 3od317.
910 3015 975 3069 lam
989 3029 1060 3069 vero
1074 3010 1139 3087 ipsa
1150 3014 1320 3086 Juno‚quae

286 3106 423 3163 tasonem
445 3122 529 3163 suum
551 3114 637 3161 taum
660 3102 809 3163 hostilium
831 3103 949 3161 navium
975 3091 1154 3161 multitudini
1177 3100 1319 3179 imparem
1421 3119 1422 3136 ¹

289 3196 351 3255 foro
374 3195 470 3266 videt,
492 3188 621 3271 Olympo
644 3194 811 3266 descendit,
832 3194 933 3253 AEoliis
958 3194 1048 3253 antris
1070 3207 1174 3253 ventos
1195 3193 1319 3262 emittit,
1421 3199 1422 3236 ἒ

286 3288 542 3365 gravissimamque
556 3288 664 3349 excitat
679 3299 898 3363 tempestatem,
917 3285 1060 3356 aru-327.
1078 3284 1159 3345 Nihil
1172 3284 1229 3346 hac
1244 3297 1317 3343 tem-
1421 3343 1422 3356 ,

287 3392 398 3457 pestate
413 3392 520 3452 motus,
541 3380 588 3439 cui
603 3392 687 3437 antea
700 3378 876 3455 desponsata
887 3377 993 3435 Medea
1004 3378 1114 3449 fuerat,
1128 3377 1237 3450 surus,
1247 3397 1318 3454 per-
1421 3419 1422 3426 κ

289 3471 462 3534 unaeisstme
476 3472 527 3531 diu
539 3470 724 3541 obluctatus,
743 3469 904 3529 decumano
919 3469 1036 3527 tandem
1050 3470 1142 3529 fluctu
1154 3469 1185 3529 in
1197 3470 1317 3546 profun-
1421 3509 1422 3554 3

287 3564 358 3625 dum
376 3566 530 3644 mergitur,
548 3562 686 3623 sau-368.
707 3567 773 3635 Qua
788 3560 869 3619 clade
883 3574 1002 3639 accepta
1015 3559 1177 3636 Absyrtus,
1199 3560 1229 3617 vi
1242 3559 1314 3617 nihil
1421 3615 1422 3632 ,

287 3660 390 3737 profici
404 3678 488 3737 posse
503 3655 695 3735 perspiciens,
714 3654 869 3716 obsidione
883 3660 1067 3733 Argonautas
1080 3653 1196 3729 cingere
1209 3653 1318 3712 consti-
1421 3647 1422 3692 l

288 3748 356 3822 tuit,
374 3750 517 3826 369-38s.
535 3752 685 3822 Quantum
701 3746 757 3808 sibi
771 3747 838 3807 inde
854 3746 1017 3824 periculum
1037 3746 1202 3814 immineat,
1224 3744 1315 3821 probe
1421 3799 1422 3826 ff

287 3840 502 3901 considerantes
524 3846 697 3918 Argonautae
724 3854 829 3918 urgent
852 3844 1006 3907 Jmoncm,
1033 3850 1064 3895 ut
1086 3838 1193 3898 vellere
1220 3836 1315 3898 ablato
1421 3871 1422 3882 κ

288 3948 440 3995 contentus
458 3933 592 3993 Medeam
613 3933 689 4010 patri
711 3935 846 3995 remittat.
866 3937 967 4001 Iason,
983 3933 1111 4008 impense
1132 3948 1231 3992 amans
1251 3934 1315 3989 Me·
1421 3921 1422 3926 ’

288 4028 372 4087 deam
387 4028 514 4104 fideique
533 4026 607 4087 datae
626 4043 750 4098 memor,
770 4026 855 4087 sociis
873 4038 969 4085 mutan
986 4023 1088 4083 cedere
1104 4023 1227 4099 cogitur,
1245 4021 1315 4080 385-
1421 4097 1422 4106 ἵ

290 4132 355 4193 407.
371 4120 456 4181 Haud
477 4121 527 4179 diu
549 4121 621 4179 fallit
637 4122 790 4181 eonsilium
804 4133 921 4195 captum
936 4118 1078 4177 Medeam.
1094 4118 1222 4179 sennim
1233 4133 1314 4173 com·
