2859 4975
321 426 713 493 ARGONAUTICON
740 429 911 495 L1uvt.

129 554 280 622 Mendaci
289 558 420 647 captiva
435 560 527 641 viro,
546 582 665 649 meque
680 560 734 626 ille
751 563 938 652 magistram

128 673 270 756 Sentiet,
284 688 317 739 et
333 690 430 763 raptu
445 676 573 763 farnulae
590 674 732 741 doluisse
744 676 902 766 pudendo
914 711 936 744 ι.

170 789 326 872 Dixerat,
343 803 392 854 ast
408 789 470 854 illae
486 812 659 854 murorum
675 779 824 856 extrema
833 810 1024 882 capessunt,

129 901 314 991 Defixaeque
329 904 438 969 virum
454 905 638 993 lituumque
654 905 838 995 fragoribus
854 907 1008 974 horrent:

129 1018 249 1100 Quales
265 1002 398 1083 instanti
414 1018 603 1085 nimborum
619 1020 741 1111 frigore
756 1038 877 1112 moestae
1119 1044 1158 1084 sos

127 1130 316 1196 Succedunt
331 1133 446 1217 ramis,
462 1133 652 1221 haerentque
667 1156 788 1222 pavore
802 1135 962 1202 volucres.

170 1247 308 1334 Jamque
319 1246 408 1313 Getae
418 1293 427 1329 ,
438 1246 570 1335 jamque
580 1248 687 1311 omnis
698 1247 818 1339 Hiber,
828 1250 1048 1339 Drancaeaque
1060 1250 1159 1317 densa

128 1362 239 1450 Strage
257 1360 344 1425 cadit
360 1362 465 1451 legio,
478 1377 512 1426 et
525 1362 596 1426 latis
607 1364 828 1452 prosternitur
839 1365 935 1430 arsis.

124 1476 307 1540 Semineces
323 1475 536 1565 duplicesque
552 1477 638 1542 inter
652 1499 712 1542 sua
725 1479 807 1560 tela,
824 1501 967 1568 suosque

128 1591 217 1655 luter
232 1612 355 1679 equos,
372 1590 487 1655 saevam
503 1589 622 1655 misero
635 1590 810 1656 luctamine
823 1610 953 1657 versant
1118 1615 1158 1655 sm

128 1705 339 1794 congeriem,
356 1719 390 1769 et
403 1703 510 1793 longis
526 1726 657 1793 campos
674 1704 872 1794 singultibus
886 1708 1034 1798 implent.

127 1818 277 1883 Victores
293 1834 408 1883 contra
419 1818 560 1908 patrium
577 1820 692 1883 Paeana
707 1820 827 1885 Geloni

128 1932 385 2023 Congeminant3
403 1931 516 1997 eadem
528 1930 669 1997 redeunt
680 1956 758 1997 mox
771 1932 888 2024 gaudia
900 1934 1011 2020 victis,

129 2048 202 2131 Qua
217 2046 297 2112 deus
314 2062 347 2110 et
361 2045 478 2127 melior
492 2046 568 2119 belli
584 2047 725 2135 respexit
739 2047 858 2138 imago.

172 2163 254 2247 Quis
270 2162 348 2227 tales
364 2162 474 2238 obitus
491 2161 634 2245 dederit,
648 2162 722 2252 quis
738 2162 812 2227 talia
827 2164 927 2248 facta,
983 2256 990 2270 .
1117 2187 1154 2227 εις

113 2396 166 2458 ⁵⁰9·
179 2396 348 2459 seminecesque
363 2396 430 2442 duces
445 2410 475 2442 ex
487 2395 521 2442 Pii
532 2396 594 2457 conj,
605 2397 671 2442 lunt.
683 2404 707 2441 ot
717 2396 769 2442 alim
780 2410 855 2477 psque
869 2397 901 2443 ad
913 2400 1040 2447 Burmann.
1053 2426 1086 2437 -
1101 2403 1158 2466 510,

90 2476 241 2525 imtramiue.
252 2478 318 2524 lunt:
333 2477 417 2525 Macer.
437 2475 491 2524 ald.
508 2501 540 2512 —
559 2475 614 2524 512.
627 2477 728 2526 Victores
742 2478 843 2540 patrium
862 2487 948 2526 contre
967 2480 1043 2528 codd„
1056 2492 1080 2532 ct
1100 2483 1154 2531 edd.

85 2567 137 2606 ants
146 2559 212 2605 Gerr.
226 2559 270 2605 tto.

84 2765 171 2823 mulae,
187 2755 346 2829 sacerdotis,
362 2782 401 2813 me
416 2761 512 2824 dolere,
527 2759 596 2813 ledi.
641 2777 732 2814 sorum
747 2772 819 2814 strue
834 2761 994 2835 intelligere,
1006 2765 1080 2836 quod
1096 2786 1155 2820 sua-

117 2843 180 2896 503.
190 2839 286 2895 Medea
295 2843 391 2896 comite
400 2881 408 2908 ,
418 2861 541 2892 rnurorum
553 2861 598 2892 eae·
641 2840 705 2894 dere
719 2840 825 2894 videtur
834 2860 946 2914 sequens
959 2849 1086 2914 congeries
1090 2869 1101 2909 ‚·
1109 2845 1157 2900 sed

80 2937 175 2982 memo,
200 2921 295 2974 turrim
323 2921 479 2978 conscendit
503 2921 597 2986 Juno,
641 2918 708 2972 illud
721 2919 834 2974 doctius.

81 2993 236 3072 defletaque,
256 3001 341 3054 oculis
358 3000 481 3054 deorsum
494 2999 596 3063 versis,
677 3000 736 3054 510.
755 3005 1010 3065 memineramus,
1030 3015 1060 3056 ut
1080 3025 1108 3060 se
1127 3007 1154 3060 in

80 3085 194 3142 horrent,
221 3085 308 3148 quales
335 3083 438 3132 insecuti
463 3081 597 3132 nimborum
640 3077 721 3149 pedes
739 3080 835 3132 iterum
854 3082 972 3153 erigant,
989 3099 1155 3136 versantsee-

75 3163 189 3229 frigore,
211 3158 394 3214 imminentem
413 3169 595 3231 tempestatem
640 3178 693 3209 vam
706 3161 854 3226 congeriem

80 3239 291 3309 praesentientes,
301 3259 358 3292 aves
367 3243 500 3290 succedunt
508 3240 592 3298 rumis,
676 3237 738 3290 512.
748 3238 865 3289 Dubium
881 3236 928 3289 diu
945 3237 1067 3310 praelium
1080 3253 1157 3297 estet

81 3322 224 3386 laerentque
234 3337 340 3386 pavore,
351 3316 456 3389 pavidis
471 3317 596 3370 arborum
639 3335 751 3388 anceps,
765 3316 846 3368 modo
861 3317 889 3369 hi
900 3356 908 3383 ,
921 3317 1002 3370 modo
1015 3319 1055 3371 illi
1070 3321 1153 3376 victo·

81 3397 189 3450 frondes
199 3397 295 3449 densas
304 3408 407 3468 petunt.
640 3414 682 3449 res
697 3395 746 3447 sibi
756 3393 891 3448 videntur.
909 3395 967 3449 Hoc
981 3396 1017 3449 ita
1030 3400 1154 3458 effertur:

115 3477 178 3546 507.
190 3477 377 3546 Depugnantes
385 3475 497 3528 invicem
507 3487 596 3546 gentes
642 3479 754 3527 Victores
765 3479 854 3527 Geloni
860 3514 868 3536 ‚
874 3479 984 3543 patrium
993 3484 1088 3532 Paeaua
1097 3476 1156 3535 cori·

81 3556 269 3608 nominantur:
291 3559 375 3616 Getce,
396 3557 491 3618 Hiberi,
510 3559 594 3606 Dran·
638 3558 782 3622 geminant,
801 3555 883 3607 semel
902 3554 1052 3628 iterumque
1074 3575 1156 3615 contu
1244 3607 1248 3613 .

80 3637 426 3698 eoei,Geloni.-Semineces
442 3638 597 3702 duplicesque
640 3633 701 3686 laeto
721 3634 859 3686 victoriam
883 3635 1032 3704 celebrant,
1057 3657 1157 3701 cauuut

81 3714 251 3766 Burmannus
264 3711 377 3784 explicat
388 3712 543 3766 vulneribus
556 3714 597 3765 in·
642 3716 770 3778 iussissem
781 3717 868 3765 eadem
877 3717 981 3765 redeunt
989 3722 1155 3784 monsgaudii

81 3804 222 3857 curvatos,
234 3793 272 3843 uti
284 3790 357 3862 apud
368 3791 448 3844 Ovid.
464 3791 529 3845 Met.
538 3792 595 3858 Vl,
641 3795 727 3851 vietis,
739 3793 808 3860 qua(
817 3792 864 3844 nbi
873 3798 883 3861 )
893 3795 954 3843 deus
965 3807 990 3844 et
1000 3798 1087 3846 inelior
1098 3801 1156 3850 belli

83 3871 151 3939 293,
175 3872 304 3938 duplicata
330 3874 434 3922 uulnere
459 3871 532 3922 coeco'
550 3869 595 3923 esi.
641 3873 760 3939 respexit,
788 3871 884 3923 iterum
903 3872 994 3926 favere
1014 3875 1071 3928 visa
1096 3888 1153 3940 est,

81 3949 174 4022 virgil.
187 3953 250 4002 AEn.
270 3947 324 4016 XI,
345 3949 397 4013 645
407 3966 415 4012 ;
436 3947 507 4012 XII,
526 3967 595 4018 927,
640 3954 737 4018 imago,
751 3966 883 4021 aspectus.
903 3950 977 4004 Hanc
992 3971 1048 4006 esse
1071 3969 1154 4026 poetae

82 4029 127 4080 nbi
141 4031 280 4096 duplicatus
291 4032 393 4095 poples,
407 4027 424 4080 i.
436 4047 460 4080 e.
471 4027 580 4080 inflexus
587 4045 596 4092 ;
641 4039 774 4095 mentem,
785 4029 830 4080 vix
841 4027 1033 4095 dubitandum
1051 4034 1154 4088 utinum

81 4107 118 4158 sic
128 4105 259 4178 Heynius.
268 4105 355 4159 Possis
364 4105 443 4159 etiam
453 4105 597 4180 simplicius
641 4106 785 4160 dilucidius
797 4110 1018 4180 exprompsisset!
1031 4111 1154 4166 Heinsius

80 4187 114 4239 de
129 4197 286 4242 coacervata
299 4202 331 4240 ex
342 4195 454 4258 utraque
463 4197 537 4258 parte
549 4203 596 4240 cat·
642 4187 722 4241 etiam
733 4185 862 4253 offendit,
875 4198 901 4239 et
914 4206 964 4260 pro
975 4191 1060 4259 imago
1073 4192 1156 4265 conji-
