2859 4975
257 388 322 461 400
638 379 945 444 onrntoous

301 503 489 581 NESTOR,
516 501 609 565 Nelei
624 500 728 581 lilius,
752 501 809 589 qui
827 501 917 564 solus
930 502 1083 566 omnibus
1099 504 1254 570 fratribus
1269 515 1327 572 s'u-

253 627 378 701 perstes
397 610 476 685 luit,
498 608 575 695 quia
592 608 702 672 aberat
722 631 761 672 eo
781 624 928 695 ternpore
947 606 1065 691 domo,
1085 631 1153 696 quo
1171 613 1327 678 Hercules

256 717 356 782 Nelea
370 739 447 780 eum
460 715 556 779 omni·
567 715 686 780 familia
702 716 851 797 sustulit;
869 714 945 778 ride
962 716 1082 804 Hygin.
1104 717 1168 782 fab.
1189 741 1239 783 ro.
1257 719 1327 802 ,Hic
1419 741 1420 750 ¹

218 835 221 842 '
254 824 314 888 soli
325 821 452 886 Valerio
467 836 582 884 nostro
598 819 711 901 debet,
726 818 817 908 quod
835 820 921 884 inter
930 821 1135 909 Argonautas
1149 822 1326 907 habeatnr;

255 928 329 993 vide
345 927 401 991 lib.
416 928 450 1007 1,
470 926 551 1007 380,
568 927 671 1006 etVl,
691 925 765 1012 569.
783 926 871 990 Licet
886 947 964 989 vero
980 927 1080 992 frater
1097 928 1167 1008 ejus
1183 930 1326 1018 Pericly·
1420 1009 1421 1028 Χ

255 1055 363 1096 monus
374 1048 455 1096 natu
469 1031 574 1111 major
585 1031 701 1112 fuerit,
714 1031 821 1118 ipsum
835 1030 932 1111 hujus
950 1031 1163 1119 expeditionis
1179 1051 1327 1124 ternpore
1420 1031 1421 1040 ¹

256 1138 401 1202 militaris
417 1137 517 1200 aetatis
541 1136 641 1200 luisse
662 1152 811 1224 apparet,
828 1137 904 1222 quia
920 1135 988 1216 jam
1004 1154 1099 1202 antea
1115 1140 1325 1228 Lapitharum

256 1243 423 1308 certamini
444 1241 607 1316 interfuit,
629 1240 720 1327 qnod
742 1241 852 1328 paucis
870 1242 964 1304 annis
982 1242 1066 1307 hanc
1080 1245 1229 1310 militiam
1242 1271 1325 1336 prae·

256 1349 371 1426 cessit,
390 1364 429 1412 ut
444 1349 514 1434 ipse
530 1349 649 1412 Nestor
664 1345 754 1434 apud
770 1346 944 1429 Ovidium,
961 1349 1094 1414 Metam.
1110 1353 1192 1433 Xll,
1213 1375 1275 1416 212
1293 1370 1326 1418 et

256 1479 323 1542 seq.
340 1472 373 1519 et
386 1455 516 1534 Noster,
529 1454 585 1516 lib.
600 1455 626 1531 Ι,
644 1451 717 1534 145,
735 1469 909 1534 testantur,
926 1478 1123 1542 quamquam
1141 1459 1325 1547 scrupulus,
1421 1491 1422 1540 }

256 1561 284 1626 si
298 1562 409 1625 omnia
420 1559 462 1624 ad
475 1559 637 1624 historioe
649 1560 792 1624 veritatis
806 1561 967 1625 calculum
981 1561 1070 1648 apud
1088 1563 1253 1650 Mythicos
1272 1589 1325 1628 re·

256 1689 371 1730 vocare
388 1667 564 1745 vellemus,
586 1664 663 1728 inde
679 1664 767 1743 injici
786 1683 911 1752 posset,
926 1665 1016 1751 quod
1038 1666 1150 1754 primis
1176 1669 1211 1731 in
1232 1671 1326 1734 annis

256 1773 444 1837 interfuisse
459 1769 639 1858 Calydonio
654 1770 786 1834 venatui
804 1768 891 1833 dicat
911 1770 1065 1852 Ovidius,
1088 1773 1220 1838 Metam.
1230 1774 1325 1855 VIII,

258 1878 337 1960 313,
358 1878 416 1964 qui
439 1891 514 1964 post
532 1875 669 1940 reduces
684 1878 889 1964 Argonautas
905 1892 953 1940 est
968 1877 1148 1942 institutus.
1169 1878 1327 1944 Praeterea

207 2055 212 2064 .
255 1984 450 2049 Scholiastes
467 1981 575 2061 Statii,
593 1981 698 2045 Theb.
713 1982 770 2060 IV,
799 1982 877 2061 126,
900 1981 995 2061 dicit,
1021 1982 1114 2046 illum
1137 1983 1178 2046 ad
1204 1984 1327 2048 bellum

256 2091 449 2155 Thebanum
464 2110 534 2151 non
550 2087 661 2169 ivisse,
677 2087 753 2174 quia
770 2086 919 2150 nondum
939 2087 1148 2171 militaverat3
1170 2089 1261 2176 quod
1278 2107 1326 2154 ta·

160 2223 165 2228 ·
257 2221 333 2261 men
360 2219 399 2259 ex
424 2193 531 2258 verbis
553 2193 645 2257 Statii
666 2194 720 2256 vix
741 2192 857 2257 conlici
879 2217 975 2280 posse
1000 2209 1097 2282 put03
1123 2217 1196 2281 quae
1222 2197 1266 2260 ita
1294 2221 1327 2262 se
1423 2201 1424 2272 ξ

256 2303 378 2366 liabent
393 2325 400 2363 :

396 2443 523 2497 Nondum
536 2456 597 2496 nota
612 2441 708 2516 Pylos,
721 2429 878 2517 juvenisque
891 2455 966 2497 etate
980 2444 1096 2498 secunda

396 2534 510 2597 Nestor3
525 2544 551 2585 at
561 2532 600 2585 ire
613 2543 701 2585 tamen
714 2532 830 2603 peritura
844 2531 871 2583 in
886 2545 970 2586 castra
980 2534 1095 2605 negavit.

253 2701 351 2766 Unde
367 2717 478 2765 tamen
491 2716 598 2788 patet,
624 2725 701 2765 eum
716 2702 800 2765 ultra
814 2702 945 2791 triginta
961 2725 1065 2766 annos
1085 2720 1219 2785 natum,
1236 2705 1327 2770 ideo·

254 2829 320 2894 que
340 2820 453 2893 aptum
478 2805 553 2869 satis
578 2805 714 2885 militiae,
737 2805 794 2869 sed
819 2806 961 2869 noluisse
988 2806 1067 2871 huic
1094 2807 1180 2871 bello
1205 2832 1326 2874 nornen

252 2935 351 2975 sunm
366 2910 461 2991 dare,
481 2910 540 2973 ubi
558 2910 654 2973 etiam
669 2910 819 2973 Barthius
837 2926 944 2992 notat,
968 2926 1078 2998 poetas
1094 2936 1161 2975 non
1179 2932 1327 2979 constare

252 3018 365 3082 sibi'in
379 3033 566 3103 temporum
579 3018 717 3096 ratione,
733 3032 770 3079 ut
783 3017 895 3080 talium
910 3016 1079 3099 dominos,
1096 3041 1163 3081 non
1176 3019 1326 3100 famulos,

252 3147 315 3187 suo
340 3122 483 3210 quodam
501 3123 679 3210 privilegio.
699 3122 838 3213 Reliqua
860 3122 901 3187 de
923 3124 1069 3188 Nestoris
1095 3126 1171 3188 actis
1196 3145 1230 3191 et
1246 3129 1325 3207 rita,

249 3230 328 3317 quia
342 3229 471 3293 notiora
485 3244 581 3308 sunt,
594 3244 626 3291 et
638 3228 705 3291 huc
721 3251 789 3292 non
804 3230 979 3315 pertinent,
992 3230 1193 3295 omittemus.

296 3450 618 3532 01LEUS,-Le0d00t
634 3470 667 3517 et
683 3456 911 3541 Agrianomes,
929 3452 1000 3519 filiae
1016 3455 1205 3538 Perseonis‚
1223 3456 1321 3539 filius,

252 3581 290 3621 ex
314 3557 397 3620 urbe
418 3558 552 3622 Narieea
578 3560 728 3648 Hygino,
755 3560 818 3624 lab.
846 3561 904 3641 14,
926 3578 1142 3643 memoratur,
1169 3564 1229 3628 sed
1250 3568 1320 3629 Ber·

251 3663 372 3727 ckelius
396 3664 430 3725 in
457 3666 543 3742 notis
566 3666 608 3728 ad
631 3666 862 3754 Fragmentum
888 3668 1061 3754 Stephani,
1076 3692 1107 3755 p.
1126 3670 1185 3750 60,
1203 3670 1270 3734 sive
1284 3669 1321 3733 ad

251 3780 350 3834 Δώτιον,
364 3770 532 3852 emendat,
552 3772 715 3835 Odoedoct'
730 3771 834 3854 filius,
853 3774 908 3860 qui
926 3772 1094 3838 filiuserat
1115 3776 1217 3863 Cyni,
1236 3774 1319 3864 quod

249 3891 384 3939 stemma
407 3875 488 3938 mihi
513 3894 562 3940 est
586 3878 756 3966 ignotum,
780 3894 813 3941 et
837 3877 1020 3942 Berckelius
1044 3903 1082 3942 ex
1107 3882 1258 3946 Eustath.
1282 3880 1319 3945 ad

249 3983 285 4045 ΙΙ.
304 3984 354 4061 ΙΙ,
371 3979 451 4061 531,
468 3984 578 4045 matris
602 3984 697 4046 etiam
718 4006 838 4049 nomen
854 3984 1036 4049 Laonomen
1053 4010 1113 4074 pro
1129 3988 1319 4075 Agrianome

248 4087 433 4169 substituit,
452 4087 544 4174 quod
564 4090 753 4170 verisimile,
781 4113 855 4154 narn
880 4089 966 4153 idern
992 4092 1103 4179 Steph.
1129 4092 1163 4155 in
1188 4103 1317 4171 nantuac
