2859 4975
275 413 335 474 106
577 415 613 478 C.
638 415 836 482 VALERII
867 419 1043 484 FLACCI

314 543 400 606 Juno
425 543 527 626 videt,
546 544 686 624 necdum
705 564 850 612 extremo
867 571 979 636 parere
996 550 1119 632 furori3

315 659 389 722 Non
407 658 472 738 jam
491 661 635 724 mentitae
652 662 780 726 vultum
796 685 976 752 vocemque
993 668 1131 731 resumit
1306 689 1339 726 ιε’»

315 770 523 860 Chalciopes,
542 773 673 860 quando
693 775 793 840 ardor
807 776 924 860 hebet,
940 779 1106 869 leviorque
1122 782 1259 871 pudori,

314 883 474 972 Mensque
490 885 609 950 obnixa
627 889 731 971 malo,
750 904 866 954 tenues
884 891 1033 958 sublimis
1049 893 1193 984 inauras

314 997 463 1078 Tollitur,
479 1016 512 1063 et
529 1001 620 1066 fulvo
637 1002 800 1069 Venerem
819 1006 955 1096 vestigat
971 1008 1130 1098 Olympo:

316 1141 329 1166 «ι
342 1111 422 1175 Sum
440 1135 577 1195 memor,
596 1129 633 1178 ut
649 1131 779 1190 tautum
795 1141 924 1184 mecum
939 1121 1056 1208 partita
1067 1121 1236 1205 laborem,
1259 1201 1263 1208 Ι

315 1225 372 1290 Illa
388 1227 484 1290 nimis
501 1227 558 1292 sed
575 1226 658 1294 dura
676 1249 804 1315 manet,
824 1256 1046 1325 conversaque
1062 1237 1096 1300 in
1114 1238 1196 1303 uam
1216 1313 1219 1317 ¹
1304 1264 1339 1302 no

314 1341 357 1403 Et
375 1339 473 1404 furios
492 1341 598 1425 dolet,
619 1367 656 1408 ao
675 1368 729 1410 me
744 1370 834 1412 nunc
849 1348 985 1437 decepta
1003 1351 1142 1439 reliquit.

315 1455 347 1535 1,
369 1478 494 1542 precor,
511 1473 608 1545 atque
626 1459 744 1537 istum,
761 1484 828 1548 quo
847 1485 901 1527 me
917 1464 1100 1546 l'rustratur,
1116 1487 1279 1550 amorem,

314 1571 433 1653 Vince,
449 1595 580 1659 precor3
601 1575 712 1662 patriis
729 1592 766 1640 ut
784 1577 916 1641 tandem
935 1578 1069 1643 evadere
1084 1581 1177 1644 tectis

314 1683 452 1767 Audeat,
471 1701 569 1774 atque
586 1710 695 1753 meum
715 1711 791 1754 casu
807 1689 983 1756 defendere
1000 1691 1041 1756 ab
1058 1692 1151 1756 omni

313 1798 494 1867 AEsoniden
512 1824 520 1865 ε
540 1795 619 1889 quin
638 1803 691 1870 illa
706 1827 816 1886 sacro,
835 1828 902 1893 quo
920 1805 1020 1889 freta,
1038 1827 1191 1872 veneno·
1306 1827 1340 1865 1⁶⁵

303 2011 354 2060 156.
368 2013 447 2058 Habet.
457 2014 534 2060 Vatic..
553 2015 605 2061 cod.
624 2017 714 2062 Bonan.
733 2018 752 2063 1.
768 2017 833 2062 lant.
851 2016 904 2062 sid.
923 2043 953 2051 -
972 2017 1024 2078 159.
1044 2019 1073 2063 Ut
1090 2026 1171 2062 tecum.
1192 2017 1264 2062 Vatic.
1283 2018 1339 2063 cod.

273 2097 302 2140 Ut
317 2103 411 2138 tantum.
429 2095 521 2139 Bouou.
538 2095 594 2141 cod.
611 2097 701 2142 Bouou.
724 2097 734 2140 1
755 2106 779 2142 et
799 2098 840 2149 ll,
859 2106 884 2143 ct
901 2095 956 2142 edd.
974 2105 1027 2142 aute
1043 2097 1124 2150 farn,
1140 2097 1206 2159 quod
1222 2096 1342 2143 revocavit

269 2174 300 2218 cl.
315 2174 447 2219 11111111.-
461 2173 508 2219 161.
520 2176 619 2221 ruriam.
635 2175 805 2222 cam-165.
821 2177 876 2236 Quis
891 2176 939 2221 uta.
949 2176 1023 2223 Vatic.
1040 2186 1064 2223 et
1080 2178 1170 2222 bonna.
1186 2176 1257 2223 codd.
1271 2178 1341 2236 Quis

269 2252 310 2298 itta
322 2254 400 2299 sacris.
412 2254 478 2299 Cart.
490 2252 544 2298 cod.
560 2255 604 2300 Eu.

271 2455 298 2491 se
313 2433 348 2489 ad
359 2435 507 2501 Venerem,
520 2451 597 2504 opem
612 2436 667 2506 ejus
685 2433 782 2505 implo-
828 2453 902 2487 mum
920 2439 975 2509 ejus
991 2447 1122 2508 occupat,
1135 2453 1217 2506 quum
1236 2453 1342 2489 summa
1358 2500 1362 2507 Ι

270 2527 377 2578 raturu3
392 2512 514 2567 Medeam
534 2513 603 2566 enim
617 2512 726 2566 videbat
738 2533 783 2564 nu·
828 2516 948 2578 tristitia,
966 2537 998 2568 ac
1014 2520 1132 2583 decepta,
1150 2534 1195 2586 spe
1214 2514 1342 2585 potiundi
1412 2539 1413 2556 ι

178 2614 187 2625 ·
270 2609 361 2645 carerem
368 2633 375 2654 ,
382 2592 563 2655 vacillantem,
574 2592 716 2658 incertam,
726 2612 784 2644 nou-
827 2595 932 2648 Jasonir
944 2594 1045 2667 dejecta
1055 2635 1063 2660 ‚
1073 2614 1112 2645 mo
1124 2614 1189 2645 nunc
1200 2596 1314 2660 reliquit,
1325 2613 1342 2646 a

270 2678 328 2725 dum
351 2690 459 2725 examino
476 2692 566 2739 parere
575 2676 674 2741 furori,
697 2670 800 2725 amori'
828 2692 871 2726 me
893 2673 1049 2745 inspiratum
1076 2691 1193 2725 amorem
1220 2684 1343 2724 excutere

270 2751 476 2816 summo;conf.
491 2752 542 2819 lv,
554 2755 614 2822 667.
828 2752 896 2805 velle
909 2752 1023 2804 videtur.
1045 2782 1081 2793 --
1095 2751 1168 2804 Vide
1186 2750 1222 2805 ad
1241 2752 1342 2803 calcem

308 2831 365 2884 156.
377 2835 459 2883 Ardor
470 2830 514 2884 ille
526 2831 597 2901 prior
606 2834 690 2892 leber,
702 2832 783 2885 remi·
828 2831 907 2903 hujus
917 2832 979 2884 libri
989 2843 1044 2884 not.
1057 2834 1116 2885 161.
1128 2832 1194 2884 En.-

270 2910 316 2974 sit,
332 2914 452 2978 leviorque
461 2913 569 2977 pudori,
586 2910 731 2981 proclivior
749 2911 784 2963 ad
867 2915 925 2963 162,
942 2918 958 2961 Ι
969 2926 1159 2979 proauumque
1180 2913 1266 2971 istam,
1287 2923 1342 2962 tam

268 2989 783 3063 pudorem,mensqaeobm'rcamalo,ob
828 2990 1034 3051 inconstantem,
1054 3009 1102 3056 qao
1125 3009 1176 3049 me,
1199 2988 1342 3041 eonsilium

268 3071 333 3124 sistit
347 3068 434 3122 adhuc
447 3068 534 3134 malo,
543 3067 640 3120 amoris
649 3068 781 3121 furori.—
827 3089 917 3121 meum
929 3108 937 3133 ,
947 3075 1094 3139 frustramr,
1117 3088 1225 3119 amorem
1250 3070 1341 3129 vince,

269 3154 355 3202 Levior
358 3152 452 3217 pudori
463 3167 517 3200 non
531 3158 617 3220 potest
631 3146 782 3218 significare
827 3149 934 3214 evince,
952 3150 995 3201 lac
1015 3158 1045 3199 ut
1069 3146 1228 3219 prevaleat,
1251 3145 1341 3199 domi-

264 3232 397 3298 proclivt'or
412 3232 449 3279 ad
462 3231 592 3295 pudorem.
611 3227 707 3281 Sensus
722 3241 777 3281 est:
827 3240 914 3281 uetur.

267 3308 393 3381 quoniam
407 3308 452 3360 ille
464 3310 541 3358 ardor
553 3310 639 3367 lebet,
657 3310 779 3373 leviorque
861 3308 920 3359 163.
942 3310 1062 3365 Evadere,
1081 3304 1236 3375 exquisitius
1252 3324 1339 3377 quam

263 3391 357 3457 pudori
365 3399 417 3453 cst,
430 3386 541 3439 debilior
555 3385 681 3439 adversus
694 3385 778 3455 pudo·
822 3387 960 3435 excedere:
970 3398 1010 3438 est
1022 3385 1093 3437 enim
1112 3402 1161 3436 suo
1177 3384 1259 3453 ipsius
1272 3385 1342 3455 peri·

267 3487 340 3531 rem,
353 3465 482 3520 vincendo
495 3465 592 3535 pudori
604 3465 701 3536 impar.
714 3465 779 3515 Pos·
823 3463 884 3514 culo
898 3462 1022 3529 domum,
1035 3463 1147 3533 patriam
1155 3462 1339 3534 relinquere...

268 3559 306 3599 set
328 3545 392 3617 legi,
407 3536 539 3611 'leviorque
551 3547 663 3613 pudore,
691 3543 779 3595 miuus
825 3561 896 3603 casu,
906 3544 1035 3613 periculo.

266 3638 358 3699 potens
371 3644 452 3697 quam
467 3622 563 3695 pudor.
574 3624 624 3675 Eu.
861 3624 921 3675 165.
936 3626 999 3686 Quin
1012 3642 1097 3682 sacro,
1109 3621 1223 3691 magico,
1234 3626 1342 3689 qansre·

305 3706 363 3759 158.
373 3708 462 3763 Fulvo,
478 3721 600 3754 corusco.
822 3716 862 3760 ta,
874 3714 991 3772 quotam
1001 3699 1340 3772 potensefficitur,oenerro

304 3787 362 3851 159.
373 3789 429 3833 Sum
443 3801 541 3841 memor,
554 3792 628 3851 grato
640 3780 729 3832 animo
738 3800 778 3834 re·
823 3780 890 3832 illum
910 3784 1050 3832 adstantem
1059 3784 1102 3847 (et
1119 3780 1172 3831 hoc
1191 3780 1341 3849 exquisite,

266 3863 371 3926 cordor,
381 3875 419 3920 nt,
432 3878 512 3930 quam
527 3859 671 3922 benevole,
685 3880 777 3911 naccam
821 3859 943 3912 excubias
957 3861 1035 3930 quasi
1050 3860 1193 3930 agentem)
1211 3878 1339 3927 megaera,

261 3946 358 4012 partita
371 3940 404 3991 sis
418 3944 544 3999 laborem
559 3941 604 3989 sed
619 3942 690 3990 nimis
708 3944 773 3990 dura
821 3949 848 3990 et
860 3942 916 3989 totu
928 3938 1037 4009 quidem
1057 3942 1179 3998 noctibus,
1193 3940 1238 4005 qui
1254 3958 1341 3989 nemrrs

267 4036 363 4080 innuet,
380 4018 498 4071 noudum
516 4018 578 4070 satis
596 4018 681 4070 mollis
697 4032 776 4091 utque
821 4038 983 4079 omnesurun,
995 4037 1047 4070 suar
1055 4016 1181 4071 custodiae
1189 4016 1340 4079 creditum,

265 4098 420 4169 obsequiosa
434 4109 661 4165 cst,conversuque
672 4102 696 4149 r'rr
710 4103 775 4150 iram
821 4102 912 4166 quique
930 4119 1007 4149 arrrea
1029 4102 1125 4149 vellera
1143 4111 1179 4147 tot
1197 4100 1285 4161 spiris,
1303 4113 1343 4147 roe

263 4196 287 4231 ct
297 4181 376 4243 flarius
390 4181 469 4240 dolet,
498 4196 552 4230 uon
566 4189 619 4231 tom
633 4198 707 4231 amor
718 4179 776 4231 ani·
821 4182 943 4239 ductibus,
959 4190 1006 4230 tot'
1018 4179 1102 4249 longis
1120 4176 1196 4248 spiris
1204 4214 1212 4239 ,
1231 4175 1341 4229 sinuosa
