2859 4975
263 405 657 470 Aneouaurrcou
685 407 772 468 ma.
797 405 878 502 vu.
1069 406 1111 491 93

80 523 204 584 Attoniti
216 523 334 598 utrique
348 531 475 578 amantes
487 530 590 576 contra
602 537 633 575 se
646 530 752 576 stantes
762 519 861 590 silent,
872 519 954 595 prior
967 519 1113 578 silentium

78 616 189 694 rumpit
202 619 221 673 J
222 632 310 686 ason,
323 612 462 689 querulus
479 624 574 668 tamen
586 610 675 687 magis
683 609 828 688 justaeque
841 610 990 669 conlidens
1006 631 1112 683 causae,

81 729 168 788 quam
181 707 324 784 supplex,
336 714 416 774 400-
426 706 493 773 430.
506 702 552 761 Ad
567 702 630 760 haec
643 702 748 760 Medea
760 722 822 780 prae
837 701 952 779 pudore
964 703 1016 762 vix
1031 705 1114 782 loqui

81 802 235 870 sustineus,
246 797 288 856 ita
299 796 417 854 tandem
426 794 592 873 respondet,
604 809 637 852 ut
647 815 698 852 sua
705 795 797 871 ipsius
807 793 924 867 virtute,
936 796 983 854 vel
995 795 1114 857 dearum

81 891 191 950 auxilio
204 893 342 946 Jasouem
355 887 436 945 malit
450 887 589 964 periculis
603 905 665 945 sese
681 886 838 964 expedire,
858 887 1059 948 misericordia
1072 905 1117 949 ta-

82 1004 148 1042 men
163 982 283 1040 ductam
294 979 486 1038 medicamina
498 980 631 1057 quaedam
642 999 740 1038 secum
751 981 838 1038 allata
849 981 890 1038 ait
900 981 1016 1040 tradere
1031 983 1115 1055 velle,

85 1076 231 1145 [βπ-460.
243 1073 356 1150 Cupide
367 1072 430 1129 haec
444 1071 548 1148 arripit
558 1076 663 1143 Jason3
674 1091 759 1130 usum
768 1091 870 1130 eorum
881 1072 985 1132 edocet
993 1074 1115 1148 Medea,

84 1189 163 1228 arma
178 1165 312 1225 cantibus
328 1177 478 1222 consecrat
491 1164 622 1242 magicis,
636 1163 789 1241 ipsumque
802 1164 998 1240 inviolabilem
1009 1165 1116 1239 reddit,

84 1260 228 1330 461-472.
244 1261 325 1314 Inter
338 1254 401 1314 haec
420 1255 498 1314 subit
510 1257 651 1328 animum,
670 1257 734 1314 lieri
754 1270 849 1314 tamen
865 1277 966 1334 posse,
983 1272 1017 1316 ut
1028 1265 1117 1318 Jason
1164 1329 1168 1340 Ι

84 1352 197 1430 accepti
208 1349 343 1408 beneficii
358 1349 510 1407 immemor
523 1369 553 1407 se
567 1349 697 1422 deserat3
714 1349 795 1426 quod
808 1369 967 1427 numquam
975 1372 1007 1410 se
1021 1354 1117 1412 lactu-

84 1463 148 1502 rum
163 1443 213 1501 hic
228 1439 374 1521 promittit
387 1441 580 1514 sanctissime,
599 1443 655 1515 473
666 1474 682 1484 -
691 1441 760 1499 510.
776 1446 828 1514 Ut,
842 1461 932 1518 quam
948 1443 1066 1502 timidus
1080 1445 1118 1504 sit

85 1535 201 1594 velleris
214 1547 311 1593 custos
325 1533 432 1605 draca,
443 1538 460 1591 J
462 1534 543 1591 asoni
553 1535 783 1613 experimentum
793 1534 876 1592 daret
885 1535 1006 1608 Medea,
1018 1535 1119 1597 turbat

85 1629 176 1699 illum,
188 1628 334 1686 furentem
342 1627 518 1705 reprimit,et
526 1627 641 1685 taudem
651 1628 682 1684 in
692 1626 795 1685 urbem
802 1627 1116 1700 revertitur,511-538.

88 1724 204 1778 Interea
221 1739 275 1778 rex
294 1724 390 1778 AEetes
407 1732 496 1776 noctu
510 1720 631 1778 salutem
650 1720 719 1798 fuga
733 1721 850 1798 petiisse
867 1726 885 1779 J
887 1740 1004 1780 asonem
1020 1737 1116 1797 ratus,

84 1814 181 1889 primo
198 1831 283 1870 mane
296 1812 429 1870 Echione
436 1817 651 1888 Argonautam,
662 1815 713 1890 qui
725 1819 860 1872 Iasonem
868 1834 973 1893 pugnae
983 1829 1118 1894 paratum

85 1919 161 1963 stare
175 1906 300 1978 nuntiet,
316 1905 416 1963 adesse
431 1903 529 1976 videt3
546 1918 645 1964 tauros
659 1905 747 1984 igitur
761 1906 868 1978 emitti,
882 1919 912 1964 et
925 1909 1034 1967 semina
1044 1929 1117 1988 pro-

87 1999 124 2056 mi
151 1998 251 2076 jubet,
278 1999 417 2075 539-663.
439 2003 575 2056 Ruunte
598 1998 719 2056 stabulis
742 1999 834 2070 tauri,
861 2013 891 2057 et
911 2019 966 2077 per
984 2021 1118 2080 campum

85 2104 268 2167 grassantur,
284 2091 401 2148 coerciti
415 2104 510 2148 tamen
523 2091 685 2168 junguntur
695 2101 803 2162 aratro,
816 2090 957 2160 564—606.
967 2098 1061 2170 AEque
1075 2094 1117 2151 fe-

87 2183 183 2241 liciter
194 2195 355 2261 prognatos
373 2202 390 2240 a
403 2184 511 2241 semine
524 2202 626 2260 sparso
639 2183 812 2260 terrigenas,
828 2182 983 2259 adjuvaute
995 2184 1117 2258 Medea,

87 2275 246 2338 obtruncat
258 2280 362 2347 Jasou,
376 2275 423 2334 vel
435 2276 476 2333 ita
486 2275 650 2346 committit,
661 2287 694 2332 ut
706 2293 738 2332 se
750 2274 873 2332 invicem
884 2275 941 2352 ipsi
951 2276 1117 2348 conficiant,
1201 2319 1204 2327 .

87 2367 241 2442 607-639.
255 2372 352 2426 AEetes
367 2379 479 2444 stupet;
495 2379 523 2424 et
543 2373 632 2426 Jason
653 2367 780 2424 elamore
798 2367 945 2429 sociorum
960 2368 1118 2428 laetantium

89 2460 248 2538 excipitur,
263 2459 409 2529 oro-653.

91 2587 162 2686 Te
180 2610 316 2706 quoque
330 2620 513 2683 Thessalico
524 2620 590 2698 jam
604 2642 693 2683 serus
707 2620 749 2682 ab
763 2619 889 2707 hospite
900 2626 1015 2706 vesper

90 2734 233 2816 Dividit,
247 2750 279 2797 et
296 2750 326 2798 te
338 2734 404 2813 jam
417 2750 471 2799 tua
483 2734 617 2824 gaudia,
633 2736 743 2823 virgo,
755 2735 965 2821 relinquunt,

91 2852 234 2937 Noxque
248 2852 332 2931 ruit,
349 2852 409 2915 soli
421 2852 553 2916 veniens
568 2875 636 2915 uon
652 2852 739 2914 mitis
754 2852 886 2914 amanti,

91 2964 178 3053 Ergo
195 2965 274 3057 ubi,
294 2966 450 3028 cunctatis
464 2981 608 3029 extremo
621 2966 655 3029 iu
669 2966 779 3030 limine
793 2966 926 3054 plantis,

80 3132 102 3163 a.
115 3120 149 3165 Et
155 3118 215 3180 jam
231 3129 254 3163 te
266 3128 307 3163 tna
321 3135 350 3194 g.¹
360 3119 435 3167 Vatia.
447 3118 500 3167 cod.
514 3129 536 3165 et
549 3128 589 3165 tua
598 3120 652 3182 jam
668 3127 722 3180 teg.
737 3118 791 3163 Ald.
808 3145 839 3153 -
856 3126 879 3172 4,
892 3120 1014 3166 Contactis.
1029 3122 1119 3165 Bonon.

53 3192 100 3237 cod.
112 3203 136 3239 et
148 3194 204 3239 edd.
215 3202 270 3240 ante
288 3194 352 3239 Gerr.
365 3196 485 3241 Extrema.
495 3192 585 3239 Vitiose
604 3195 704 3254 lingent.
724 3201 749 3237 et
764 3192 825 3239 filiae.
843 3192 911 3239 Cous.
922 3195 1001 3239 surm.
1011 3203 1060 3239 not.
1076 3194 1120 3238 Eu.

87 3328 564 3385 1.Medeanocteminsomnemtrans·
604 3331 657 3387 ,cile
687 3348 731 3381 me
756 3345 834 3399 posse
854 3325 972 3391 credidi,
997 3326 1038 3390 si,
1061 3346 1120 3399 que

53 3409 120 3477 igens
137 3408 195 3478 ipsa
214 3409 323 3480 quidem
339 3428 456 3462 amorem
473 3412 502 3461 in
517 3412 562 3461 Ja·
590 3398 800 3481 'poetanarrare
810 3407 1120 3480 omisisset,supplerem.

53 3506 111 3539 sona
132 3488 183 3539 sibi
205 3488 310 3555 fatetur,
333 3489 456 3543 eumdem
474 3503 564 3542 tamen
607 3491 709 3559 Nempe
719 3487 861 3541 verisimile
879 3486 946 3539 mibi
956 3488 1121 3548 risum,Ab·

54 3567 141 3620 animo
162 3578 284 3619 excutere
301 3578 386 3621 tentat
406 3588 454 3636 eo,
477 3568 565 3640 quod,
608 3580 728 3639 systum,
744 3568 814 3637 regis
830 3566 929 3632 lilium,
946 3559 1009 3619 curn
1025 3569 1122 3620 Jasone

54 3664 103 3715 qna
123 3646 228 3698 ratione
253 3666 303 3699 usu
327 3653 382 3711 ejus
408 3660 434 3701 et
456 3666 565 3701 consue·
609 3646 761 3717 caeterisque
774 3646 900 3705 heroibus
915 3646 1041 3717 palatium
1053 3646 1122 3717 regis

54 3724 143 3777 tudine
168 3726 198 3776 in
219 3737 363 3797 posterum¹
378 3729 496 3792 fruatur,
510 3746 565 3778 non
609 3724 698 3777 laetum
711 3725 828 3778 victorias
842 3724 966 3776 nuntium
983 3726 1123 3777 afferentes

53 3803 131 3855 videt.
148 3806 180 3855 ln
190 3803 243 3855 fine
256 3806 398 3876 superioris
407 3807 467 3857 libri
476 3826 565 3877 vespe·
609 3804 734 3868 intrasse,
748 3821 892 3873 omnesque
909 3804 989 3855 lautis
1004 3815 1124 3873 exceptos

55 3900 81 3933 ra
95 3902 198 3953 pugnas
211 3882 368 3950 diremerat,
378 3887 432 3957 jam
447 3887 503 3958 ipsa
516 3906 567 3937 nox
611 3882 696 3954 epulis
710 3883 789 3936 fuisse
800 3923 808 3948 ,
821 3877 916 3954 quibus
928 3893 954 3934 et
971 3882 1124 3935 interfuerat

55 3962 171 4031 ingruit,
197 3966 245 4013 soli
273 3968 375 4015 veniens
407 3986 456 4015 non
488 3968 565 4026 mitis,
611 3961 799 4030 Medea(nam
809 3975 916 4034 postero
927 3963 971 4016 die
981 3963 1070 4015 itidem
1081 3960 1125 4013 ad·

55 4042 148 4103 tristis,
160 4045 266 4093 amanti.
614 4041 679 4103 fuit,
690 4061 715 4093 v.
731 4040 803 4110 78),
816 4062 875 4113 quae
883 4082 891 4107 ,
900 4060 984 4114 quum
998 4060 1056 4094 sera
1068 4053 1125 4093 tan-

90 4127 113 4182 4.
125 4123 250 4171 Cunctatis
259 4136 368 4173 extremo
378 4125 402 4173 in
412 4128 569 4191 limineplan-
614 4120 675 4173 dem
697 4136 775 4175 nocte
794 4122 983 4177 discedendum
1001 4132 1083 4186 esset,
1097 4122 1125 4172 in

58 4202 93 4247 m,
120 4200 186 4251 Satis
208 4200 310 4268 amplas
329 4214 403 4253 notas
427 4202 569 4273 adscripse·
614 4202 706 4253 limine
728 4214 816 4255 tamen
841 4201 970 4255 coenaculi
988 4200 1125 4272 paululum

59 4290 118 4329 runt
134 4279 304 4349 interpretes,
320 4281 415 4351 quibus
429 4300 517 4334 curere
530 4282 568 4333 fa·
617 4281 748 4347 constitit,
769 4295 795 4333 et
817 4281 895 4333 semel
918 4278 1006 4330 adhuc
1024 4282 1060 4330 ad
1080 4297 1126 4328 sua
