2859 4975
277 441 340 504 290
488 423 490 434 ’
714 417 909 482 OllPHEl

310 550 522 637 Litoreosque
536 547 633 629 deos,
650 547 825 614 fluviorum
844 566 878 612 et
887 550 974 614 salsa
989 548 1128 631 fluenta,
1310 569 1352 613 ³40

315 667 358 729 Et
375 667 468 729 fusco
485 680 586 728 terras
602 663 780 728 Saturnum
798 664 887 728 crine
903 681 1107 747 moventem,

314 783 569 866 Exstantemque
583 777 698 859 undis,
716 777 759 842 ad
773 777 957 856 juramenta
971 780 1102 860 venire,

315 1010 449 1072 Deserat
464 1024 503 1070 ut
519 1006 627 1070 nullus
644 1029 838 1071 communes
853 1022 930 1071 ante
945 1008 1089 1089 labores,

315 1125 353 1186 ln
373 1123 473 1211 patria
491 1119 620 1184 rediens
637 1119 743 1184 donec
758 1121 800 1184 sit
820 1121 958 1209 quisque
973 1137 1133 1209 receptus.

314 1237 443 1303 Laeserit
460 1253 493 1300 at
507 1235 719 1317 jurisjurandi
733 1235 854 1304 foedera
872 1237 1019 1323 quisquis
1306 1259 1349 1303 sis

313 1351 457 1416 Numina
473 1365 686 1414 contemnens
703 1371 878 1437 superum,
897 1364 1056 1414 testentur
1072 1349 1107 1412 iu
1126 1349 1218 1414 illum

313 1467 419 1530 Ultrix
433 1466 450 1528 J
452 1465 580 1545 ustitia,
600 1480 633 1527 ct
647 1485 761 1551 poeuas
778 1485 851 1550 quae
867 1464 990 1551 praebet
1005 1463 1178 1552 Erinnys.»

357 1582 433 1644 llaec
449 1601 533 1668 ego:
550 1595 631 1642 tunc
648 1600 785 1660 omues,
799 1578 942 1666 perjmia
960 1599 1102 1665 namque
1117 1577 1294 1658 timebant,

312 1693 488 1782 Adspirant
505 1708 610 1773 nutu,
628 1689 780 1755 manibus
801 1704 933 1778 quoque
949 1691 995 1755 sic
1013 1693 1084 1756 fore
1099 1693 1238 1781 signant.

312 1809 422 1894 Atque
440 1805 497 1868 ubi
513 1826 724 1887 consensere,
742 1817 775 1868 et
788 1804 973 1884 juramenta
987 1803 1124 1887 dedere,
1308 1824 1351 1863 ιε,

311 1917 442 1983 Prosilit
457 1919 491 1981 in
508 1917 655 1982 medium
674 1919 765 1982 navis
781 1934 862 1985 tunc
877 1919 1026 2007 quisquis
1044 1919 1197 2001 aduncae,

311 2032 501 2121 Ordineque
516 2033 656 2114 assedit;
678 2033 758 2123 juga
777 2033 890 2101 subter
907 2051 947 2099 ets
961 2056 1049 2098 anna
1066 2034 1226 2123 ligabant,

308 2149 537 2236 Aptabantque
553 2171 670 2212 manus
686 2149 803 2232 remis3
819 2147 914 2228 jubet
929 2148 985 2211 hic
1000 2171 1133 2236 quoque
1146 2149 1273 2237 Tiphys

310 2265 478 2329 Nexilibus
495 2264 625 2352 longam
642 2263 772 2328 chordis
789 2263 982 2328 subnectere
999 2265 1135 2346 scalam,

308 2381 386 2444 Vela
404 2379 479 2444 dare
494 2381 526 2442 in
543 2396 676 2459 ¹ventos,
693 2395 859 2466 portuque
876 2380 1010 2444 avellere
1026 2381 1148 2444 funem.
1310 2405 1353 2443 sss

308 2497 403 2559 Tunc
419 2496 514 2560 etiam
530 2494 654 2558 levibus
675 2495 780 2577 luno,
798 2495 885 2561 lovis
902 2518 1002 2577 uxor,
1025 2491 1173 2561 eundum

312 2610 475 2701 Significat
492 2610 615 2690 ventis,
627 2610 839 2698 impulsaque·
852 2611 981 2699 navigat
995 2614 1096 2701 Argo.

310 2731 353 2793 At
367 2744 542 2815 postquam
558 2746 666 2789 remos
682 2724 772 2789 haud
786 2725 863 2790 lessi
878 2742 989 2791 mente
1005 2747 1172 2814 manuque

310 2844 471 2907 Exercent
485 2844 654 2930 proceres,
675 2857 708 2903 et
720 2863 867 2904 amarum
884 2842 1045 2907 scinditur
1061 2867 1185 2931 aequor,

309 2960 450 3045 Spumea
466 2954 507 3019 de
520 2976 616 3043 prora
633 2953 797 3020 deferbuit
812 2954 901 3018 unda
916 2973 1111 3022 tumescens.
1140 3005 1142 3008 -

357 3070 422 3135 Sed
438 3092 541 3157 quum
558 3092 653 3133 mane
670 3093 798 3135 sacrum
815 3093 952 3159 surgens
965 3073 1105 3160 aperiret
1116 3097 1178 3138 eoo

311 3188 444 3251 Oceano
462 3202 579 3266 terras,
597 3186 794 3274 jamjamque
809 3187 938 3249 Aurora
952 3187 1103 3274 ruberet,

309 3300 410 3365 Dulce
424 3300 596 3364 hominum
614 3302 725 3388 generi
739 3301 850 3363 lumen
871 3301 1062 3389 superisque
1077 3318 1270 3392 reportans,

308 3418 402 3479 Tunc
417 3436 486 3478 sese
506 3414 600 3477 nobis
620 3435 791 3476 nemorosa
805 3415 995 3497 cacumina,
1016 3432 1050 3480 et
1067 3418 1139 3481 altis

306 3530 474 3617 Rupibus,
491 3528 648 3593 umbroso
667 3526 708 3589 de
724 3526 862 3609 vertice,
882 3529 995 3598 Pelion
1014 3530 1120 3597 offert.

309 3644 370 3708 Hic
388 3659 522 3732 propter
537 3658 656 3704 terram
673 3640 796 3729 Tiphys
814 3656 946 3706 temone
960 3644 1095 3709 remisso

307 3758 495 3847 Remigibus
511 3754 606 3819 lentis
624 3756 746 3843 impelli
763 3757 903 3843 jusserat
918 3761 1018 3848 Argo.

307 3875 400 3937 Tunc
419 3891 557 3959 propere
577 3870 653 3933 litus
671 3870 908 3959 contingimus:
928 3872 1017 3937 haud
1036 3898 1145 3959 mora,
1156 3876 1242 3956 jacta

309 3987 358 4051 Ad
375 4002 491 4048 terram
511 3982 610 4065 scala,
630 3986 733 4070 portis
749 3985 907 4050 intramus
924 3989 1046 4054 amicis.
1088 4003 1093 4015 “

306 4098 433 4186 Egressi
454 4094 571 4159 heroes
587 4097 707 4183 Minyae
724 4097 803 4161 dant
818 4101 963 4164 membra
982 4104 1094 4189 quieti.
