<?xml version="1.0" encoding="UTF-8"?>
<!DOCTYPE html PUBLIC "-//W3C//DTD XHTML 1.0 Transitional//EN"
    "http://www.w3.org/TR/xhtml1/DTD/xhtml1-transitional.dtd">
<html xmlns="http://www.w3.org/1999/xhtml" xml:lang="en" lang="en">
 <head>
  <title>
</title>
<meta http-equiv="Content-Type" content="text/html;charset=utf-8" />
  <meta name='ocr-system' content='tesseract 3.04.00' />
  <meta name='ocr-capabilities' content='ocr_page ocr_carea ocr_par ocr_line ocrx_word'/>
</head>
<body>
  <div class='ocr_page' id='page_1' title='image "bibliothecaclas119lemagoog_0294.png"; bbox 0 0 2859 4975; ppageno 0'>
   <div class='ocr_carea' id='block_1_1' title="bbox 221 386 922 473">
    <p class='ocr_par' dir='ltr' id='par_1_1' title="bbox 221 386 922 473">
     <span class='ocr_line' id='line_1_1' title="bbox 221 386 922 473; baseline -0.004 -18"><span class='ocrx_word' id='word_1_1' title='bbox 221 447 230 473; x_wconf 49' lang='lat' dir='ltr'><em>s</em></span> <span class='ocrx_word' id='word_1_2' title='bbox 296 389 360 455; x_wconf 72' lang='lat'><strong>282</strong></span> <span class='ocrx_word' id='word_1_3' title='bbox 728 386 922 453; x_wconf 79' lang='lat' dir='ltr'><strong>oseem</strong></span> 
     </span>
    </p>
   </div>
   <div class='ocr_carea' id='block_1_2' title="bbox 262 520 1414 3701">
    <p class='ocr_par' dir='ltr' id='par_1_2' title="bbox 262 520 1414 3701">
     <span class='ocr_line' id='line_1_2' title="bbox 338 520 1102 586; baseline -0.001 -1"><span class='ocrx_word' id='word_1_4' title='bbox 338 520 510 586; x_wconf 79' lang='lat' dir='ltr'><strong>Indomitis</strong></span> <span class='ocrx_word' id='word_1_5' title='bbox 525 520 601 586; x_wconf 90' lang='lat' dir='ltr'><strong>litus</strong></span> <span class='ocrx_word' id='word_1_6' title='bbox 620 534 735 584; x_wconf 85' lang='lat' dir='ltr'><strong>votum</strong></span> <span class='ocrx_word' id='word_1_7' title='bbox 749 537 798 584; x_wconf 89' lang='lat' dir='ltr'><strong>est</strong></span> <span class='ocrx_word' id='word_1_8' title='bbox 810 521 968 586; x_wconf 79' lang='lat' dir='ltr'>heroibus</span> <span class='ocrx_word' id='word_1_9' title='bbox 987 542 1102 585; x_wconf 89' lang='lat' dir='ltr'><strong>unum.</strong></span> 
     </span>
     <span class='ocr_line' id='line_1_3' title="bbox 337 634 1171 724; baseline 0 -24"><span class='ocrx_word' id='word_1_10' title='bbox 337 636 550 723; x_wconf 83' lang='lat' dir='ltr'>Exspectatur</span> <span class='ocrx_word' id='word_1_11' title='bbox 563 635 608 700; x_wconf 81' lang='lat' dir='ltr'><strong>eb</strong></span> <span class='ocrx_word' id='word_1_12' title='bbox 624 634 675 702; x_wconf 84' lang='lat' dir='ltr'><strong>bis</strong></span> <span class='ocrx_word' id='word_1_13' title='bbox 689 651 746 702; x_wconf 83' lang='lat' dir='ltr'><strong>ma</strong></span> <span class='ocrx_word' id='word_1_14' title='bbox 762 659 826 703; x_wconf 82' lang='lat' dir='ltr'><strong>vox</strong></span> <span class='ocrx_word' id='word_1_15' title='bbox 838 635 963 717; x_wconf 83' lang='lat' dir='ltr'><strong>divinu,</strong></span> <span class='ocrx_word' id='word_1_16' title='bbox 980 635 1171 724; x_wconf 87' lang='lat' dir='ltr'><strong>chelysque;</strong></span> 
     </span>
     <span class='ocr_line' id='line_1_4' title="bbox 340 747 1414 851; baseline 0.002 -39"><span class='ocrx_word' id='word_1_17' title='bbox 340 747 389 813; x_wconf 87' lang='lat' dir='ltr'><strong>Te</strong></span> <span class='ocrx_word' id='word_1_18' title='bbox 407 750 710 838; x_wconf 76' lang='lat' dir='ltr'><strong>speranteomitem</strong></span> <span class='ocrx_word' id='word_1_19' title='bbox 733 750 866 840; x_wconf 71' lang='lat' dir='ltr'><strong>pelsgo,</strong></span> <span class='ocrx_word' id='word_1_20' title='bbox 884 750 1078 838; x_wconf 84' lang='lat' dir='ltr'><strong>sociumque</strong></span> <span class='ocrx_word' id='word_1_21' title='bbox 1096 749 1258 816; x_wconf 74' lang='lat' dir='ltr'><strong>laborum.</strong></span> <span class='ocrx_word' id='word_1_22' title='bbox 1413 838 1414 851; x_wconf 10' lang='grc' dir='ltr'>χ</span> 
     </span>
     <span class='ocr_line' id='line_1_5' title="bbox 340 861 1363 952; baseline 0.001 -24"><span class='ocrx_word' id='word_1_23' title='bbox 340 861 425 930; x_wconf 89' lang='lat' dir='ltr'><strong>Nam</strong></span> <span class='ocrx_word' id='word_1_24' title='bbox 445 886 552 952; x_wconf 85' lang='lat' dir='ltr'><strong>neque</strong></span> <span class='ocrx_word' id='word_1_25' title='bbox 566 886 659 932; x_wconf 82' lang='lat' dir='ltr'><strong>mens</strong></span> <span class='ocrx_word' id='word_1_26' title='bbox 679 863 757 930; x_wconf 82' lang='lat' dir='ltr'><strong>dare</strong></span> <span class='ocrx_word' id='word_1_27' title='bbox 772 864 840 930; x_wconf 77' lang='lat' dir='ltr'><strong>vde</strong></span> <span class='ocrx_word' id='word_1_28' title='bbox 856 865 932 932; x_wconf 82' lang='lat' dir='ltr'><strong>viris</strong></span> <span class='ocrx_word' id='word_1_29' title='bbox 948 865 982 928; x_wconf 91' lang='lat' dir='ltr'><strong>in</strong></span> <span class='ocrx_word' id='word_1_30' title='bbox 1000 864 1137 933; x_wconf 81' lang='lat' dir='ltr'><strong>barbam</strong></span> <span class='ocrx_word' id='word_1_31' title='bbox 1154 885 1255 952; x_wconf 76' lang='lat' dir='ltr'><strong>regne</strong></span> <span class='ocrx_word' id='word_1_32' title='bbox 1340 899 1363 937; x_wconf 63' lang='grc' dir='ltr'><em>ῳ</em></span> 
     </span>
     <span class='ocr_line' id='line_1_6' title="bbox 338 977 1414 1067; baseline -0.001 -25"><span class='ocrx_word' id='word_1_33' title='bbox 338 979 386 1044; x_wconf 86' lang='lat' dir='ltr'><strong>Te</strong></span> <span class='ocrx_word' id='word_1_34' title='bbox 406 978 493 1062; x_wconf 88' lang='lat' dir='ltr'><strong>sine,</strong></span> <span class='ocrx_word' id='word_1_35' title='bbox 511 979 568 1067; x_wconf 90' lang='lat' dir='ltr'><strong>qui</strong></span> <span class='ocrx_word' id='word_1_36' title='bbox 592 979 742 1046; x_wconf 77' lang='lat' dir='ltr'><strong>tenebras</strong></span> <span class='ocrx_word' id='word_1_37' title='bbox 762 977 804 1044; x_wconf 89' lang='lat' dir='ltr'><strong>de</strong></span> <span class='ocrx_word' id='word_1_38' title='bbox 826 994 878 1045; x_wconf 88' lang='lat' dir='ltr'><strong>tot</strong></span> <span class='ocrx_word' id='word_1_39' title='bbox 895 980 1088 1046; x_wconf 77' lang='lat' dir='ltr'><strong>mortalibus</strong></span> <span class='ocrx_word' id='word_1_40' title='bbox 1104 1000 1192 1044; x_wconf 88' lang='lat' dir='ltr'><strong>unus</strong></span> <span class='ocrx_word' id='word_1_41' title='bbox 1413 982 1414 985; x_wconf 74' lang='grc'>’</span> 
     </span>
     <span class='ocr_line' id='line_1_7' title="bbox 338 1092 1193 1181; baseline 0.001 -23"><span class='ocrx_word' id='word_1_42' title='bbox 338 1093 465 1160; x_wconf 88' lang='lat' dir='ltr'><strong>Aeoesti</strong></span> <span class='ocrx_word' id='word_1_43' title='bbox 482 1092 673 1176; x_wconf 86' lang='lat' dir='ltr'><strong>horrentes,</strong></span> <span class='ocrx_word' id='word_1_44' title='bbox 695 1110 730 1161; x_wconf 88' lang='lat' dir='ltr'><strong>et</strong></span> <span class='ocrx_word' id='word_1_45' title='bbox 749 1116 822 1181; x_wconf 71' lang='lat' dir='ltr'><strong>quo</strong></span> <span class='ocrx_word' id='word_1_46' title='bbox 840 1092 931 1165; x_wconf 80' lang='lat' dir='ltr'><strong>rudis</strong></span> <span class='ocrx_word' id='word_1_47' title='bbox 951 1094 1066 1160; x_wconf 86' lang='lat' dir='ltr'><strong>ultima</strong></span> <span class='ocrx_word' id='word_1_48' title='bbox 1081 1115 1193 1161; x_wconf 86' lang='lat' dir='ltr'><strong>rerum</strong></span> 
     </span>
     <span class='ocr_line' id='line_1_8' title="bbox 336 1207 1096 1298; baseline -0.001 -26"><span class='ocrx_word' id='word_1_49' title='bbox 336 1207 455 1272; x_wconf 86' lang='lat' dir='ltr'>Abdita</span> <span class='ocrx_word' id='word_1_50' title='bbox 471 1209 631 1298; x_wconf 80' lang='lat' dir='ltr'><strong>seposuit</strong></span> <span class='ocrx_word' id='word_1_51' title='bbox 644 1210 756 1293; x_wconf 80' lang='lat' dir='ltr'><strong>tellus,</strong></span> <span class='ocrx_word' id='word_1_52' title='bbox 771 1225 870 1297; x_wconf 83' lang='lat' dir='ltr'><strong>etque</strong></span> <span class='ocrx_word' id='word_1_53' title='bbox 882 1209 959 1276; x_wconf 85' lang='lat' dir='ltr'><strong>inde</strong></span> <span class='ocrx_word' id='word_1_54' title='bbox 972 1208 1096 1275; x_wconf 63' lang='lat' dir='ltr'><strong>redisti,</strong></span> 
     </span>
     <span class='ocr_line' id='line_1_9' title="bbox 337 1323 1135 1417; baseline 0.003 -30"><span class='ocrx_word' id='word_1_55' title='bbox 337 1324 430 1387; x_wconf 84' lang='lat' dir='ltr'><strong>Hanc</strong></span> <span class='ocrx_word' id='word_1_56' title='bbox 445 1323 545 1411; x_wconf 85' lang='lat' dir='ltr'><strong>igitur</strong></span> <span class='ocrx_word' id='word_1_57' title='bbox 558 1324 681 1392; x_wconf 76' lang='lat' dir='ltr'><strong>molem</strong></span> <span class='ocrx_word' id='word_1_58' title='bbox 695 1325 879 1417; x_wconf 80' lang='lat' dir='ltr'><strong>eommunis</strong></span> <span class='ocrx_word' id='word_1_59' title='bbox 892 1325 976 1392; x_wconf 71' lang='lat' dir='ltr'><strong>ferre</strong></span> <span class='ocrx_word' id='word_1_60' title='bbox 993 1325 1135 1405; x_wconf 83' lang='lat' dir='ltr'><strong>laboris,</strong></span> 
     </span>
     <span class='ocr_line' id='line_1_10' title="bbox 336 1434 1360 1528; baseline 0.006 -28"><span class='ocrx_word' id='word_1_61' title='bbox 336 1434 368 1500; x_wconf 89' lang='lat' dir='ltr'>N</span> <span class='ocrx_word' id='word_1_62' title='bbox 369 1437 544 1528; x_wconf 83' lang='lat' dir='ltr'><strong>ominuque</strong></span> <span class='ocrx_word' id='word_1_63' title='bbox 561 1439 630 1526; x_wconf 84' lang='lat' dir='ltr'><strong>ipsa</strong></span> <span class='ocrx_word' id='word_1_64' title='bbox 645 1439 725 1504; x_wconf 83' lang='lat' dir='ltr'><strong>velis</strong></span> <span class='ocrx_word' id='word_1_65' title='bbox 741 1454 797 1504; x_wconf 80' lang='lat' dir='ltr'><strong>ma</strong></span> <span class='ocrx_word' id='word_1_66' title='bbox 810 1439 894 1507; x_wconf 79' lang='lat' dir='ltr'><strong>elma</strong></span> <span class='ocrx_word' id='word_1_67' title='bbox 907 1439 1081 1528; x_wconf 79' lang='lat' dir='ltr'><strong>nepotibus</strong></span> <span class='ocrx_word' id='word_1_68' title='bbox 1097 1459 1204 1506; x_wconf 55' lang='lat' dir='ltr'><strong>essem</strong></span> <span class='ocrx_word' id='word_1_69' title='bbox 1340 1456 1360 1506; x_wconf 76' lang='lat'><strong>⁹⁵</strong></span> 
     </span>
     <span class='ocr_line' id='line_1_11' title="bbox 338 1550 1160 1641; baseline 0.002 -25"><span class='ocrx_word' id='word_1_70' title='bbox 338 1550 420 1618; x_wconf 85' lang='lat' dir='ltr'><strong>Inde</strong></span> <span class='ocrx_word' id='word_1_71' title='bbox 433 1573 494 1640; x_wconf 81' lang='lat' dir='ltr'><strong>ego</strong></span> <span class='ocrx_word' id='word_1_72' title='bbox 508 1575 582 1618; x_wconf 89' lang='lat' dir='ltr'><strong>sum</strong></span> <span class='ocrx_word' id='word_1_73' title='bbox 598 1553 653 1620; x_wconf 79' lang='lat' dir='ltr'><strong>tali</strong></span> <span class='ocrx_word' id='word_1_74' title='bbox 672 1553 874 1641; x_wconf 83' lang='lat' dir='ltr'><strong>respondens</strong></span> <span class='ocrx_word' id='word_1_75' title='bbox 891 1576 970 1624; x_wconf 78' lang='lat' dir='ltr'><strong>vote</strong></span> <span class='ocrx_word' id='word_1_76' title='bbox 982 1555 1160 1641; x_wconf 80' lang='lat' dir='ltr'><strong>loquutus:</strong></span> 
     </span>
     <span class='ocr_line' id='line_1_12' title="bbox 275 1651 1261 1768; baseline 0.003 -37"><span class='ocrx_word' id='word_1_77' title='bbox 275 1747 281 1768; x_wconf 45' lang='grc' dir='ltr'><strong><em>Ι</em></strong></span> <span class='ocrx_word' id='word_1_78' title='bbox 380 1666 580 1749; x_wconf 72' lang='lat' dir='ltr'><strong>«AEsonida,</strong></span> <span class='ocrx_word' id='word_1_79' title='bbox 597 1651 679 1756; x_wconf 92' lang='lat' dir='ltr'><strong>quid</strong></span> <span class='ocrx_word' id='word_1_80' title='bbox 696 1681 937 1758; x_wconf 75' lang='lat' dir='ltr'><strong>tsnm&#39;moveus</strong></span> <span class='ocrx_word' id='word_1_81' title='bbox 955 1669 1097 1736; x_wconf 73' lang='lat' dir='ltr'><strong>horteris</strong></span> <span class='ocrx_word' id='word_1_82' title='bbox 1111 1685 1144 1736; x_wconf 82' lang='lat' dir='ltr'><strong>et</strong></span> <span class='ocrx_word' id='word_1_83' title='bbox 1160 1692 1261 1758; x_wconf 86' lang='lat' dir='ltr'><strong>urges</strong></span> 
     </span>
     <span class='ocr_line' id='line_1_13' title="bbox 337 1782 1077 1872; baseline 0.008 -27"><span class='ocrx_word' id='word_1_84' title='bbox 337 1782 390 1846; x_wconf 91' lang='lat' dir='ltr'><strong>Ire</strong></span> <span class='ocrx_word' id='word_1_85' title='bbox 407 1783 602 1870; x_wconf 79' lang='lat' dir='ltr'><strong>procellosas</strong></span> <span class='ocrx_word' id='word_1_86' title='bbox 614 1800 737 1848; x_wconf 81' lang='lat' dir='ltr'><strong>armata</strong></span> <span class='ocrx_word' id='word_1_87' title='bbox 752 1806 862 1872; x_wconf 87' lang='lat' dir='ltr'><strong>puppe</strong></span> <span class='ocrx_word' id='word_1_88' title='bbox 882 1807 941 1872; x_wconf 90' lang='lat' dir='ltr'><strong>per</strong></span> <span class='ocrx_word' id='word_1_89' title='bbox 954 1783 1077 1865; x_wconf 77' lang='lat' dir='ltr'><strong>undas,</strong></span> 
     </span>
     <span class='ocr_line' id='line_1_14' title="bbox 336 1887 1173 1986; baseline 0.001 -26"><span class='ocrx_word' id='word_1_90' title='bbox 336 1897 382 1961; x_wconf 88' lang='lat' dir='ltr'><strong>Ut</strong></span> <span class='ocrx_word' id='word_1_91' title='bbox 396 1897 525 1962; x_wconf 81' lang='lat' dir='ltr'><strong>veniam</strong></span> <span class='ocrx_word' id='word_1_92' title='bbox 540 1897 686 1964; x_wconf 85' lang='lat' dir='ltr'><strong>Golohon</strong></span> <span class='ocrx_word' id='word_1_93' title='bbox 703 1899 823 1986; x_wconf 83' lang='lat' dir='ltr'><strong>Minyis</strong></span> <span class='ocrx_word' id='word_1_94' title='bbox 835 1897 966 1979; x_wconf 82' lang='lat' dir='ltr'><strong>adjutor</strong></span> <span class='ocrx_word' id='word_1_95' title='bbox 977 1887 1020 1966; x_wconf 77' lang='lat' dir='ltr'><strong>ed</strong></span> <span class='ocrx_word' id='word_1_96' title='bbox 1033 1898 1173 1965; x_wconf 80' lang='lat' dir='ltr'><strong>urbem?</strong></span> 
     </span>
     <span class='ocr_line' id='line_1_15' title="bbox 335 2011 1361 2102; baseline 0.004 -27"><span class='ocrx_word' id='word_1_97' title='bbox 335 2013 379 2076; x_wconf 87' lang='lat' dir='ltr'><strong>At</strong></span> <span class='ocrx_word' id='word_1_98' title='bbox 394 2013 475 2076; x_wconf 91' lang='lat' dir='ltr'><strong>mihi</strong></span> <span class='ocrx_word' id='word_1_99' title='bbox 489 2011 556 2094; x_wconf 81' lang='lat' dir='ltr'><strong>jam</strong></span> <span class='ocrx_word' id='word_1_100' title='bbox 574 2013 649 2078; x_wconf 82' lang='lat' dir='ltr'><strong>satis</strong></span> <span class='ocrx_word' id='word_1_101' title='bbox 665 2030 714 2078; x_wconf 84' lang='lat' dir='ltr'><strong>est</strong></span> <span class='ocrx_word' id='word_1_102' title='bbox 733 2035 888 2102; x_wconf 88' lang='lat' dir='ltr'><strong>operum,</strong></span> <span class='ocrx_word' id='word_1_103' title='bbox 901 2014 977 2080; x_wconf 81' lang='lat' dir='ltr'><strong>satis</strong></span> <span class='ocrx_word' id='word_1_104' title='bbox 997 2029 1096 2102; x_wconf 79' lang='lat' dir='ltr'><strong>etque</strong></span> <span class='ocrx_word' id='word_1_105' title='bbox 1108 2014 1285 2096; x_wconf 82' lang='lat' dir='ltr'><strong>laborum,</strong></span> <span class='ocrx_word' id='word_1_106' title='bbox 1329 2045 1361 2070; x_wconf 70' lang='grc' dir='ltr'><strong>ιω</strong></span> 
     </span>
     <span class='ocr_line' id='line_1_16' title="bbox 262 2126 1159 2217; baseline 0.004 -27"><span class='ocrx_word' id='word_1_107' title='bbox 262 2163 265 2172; x_wconf 49' lang='lat'><strong>⁴</strong></span> <span class='ocrx_word' id='word_1_108' title='bbox 336 2126 384 2190; x_wconf 86' lang='lat' dir='ltr'><strong>Ex</strong></span> <span class='ocrx_word' id='word_1_109' title='bbox 399 2149 465 2214; x_wconf 93' lang='lat' dir='ltr'><strong>quo</strong></span> <span class='ocrx_word' id='word_1_110' title='bbox 481 2143 641 2194; x_wconf 85' lang='lat' dir='ltr'><strong>terrarum</strong></span> <span class='ocrx_word' id='word_1_111' title='bbox 654 2128 722 2195; x_wconf 88' lang='lat' dir='ltr'><strong>vidi</strong></span> <span class='ocrx_word' id='word_1_112' title='bbox 734 2131 804 2194; x_wconf 80' lang='lat' dir='ltr'><strong>locs</strong></span> <span class='ocrx_word' id='word_1_113' title='bbox 818 2129 977 2217; x_wconf 81' lang='lat' dir='ltr'><strong>plurimu,</strong></span> <span class='ocrx_word' id='word_1_114' title='bbox 993 2144 1027 2194; x_wconf 90' lang='lat' dir='ltr'><strong>et</strong></span> <span class='ocrx_word' id='word_1_115' title='bbox 1042 2128 1159 2209; x_wconf 84' lang='lat' dir='ltr'><strong>urbes,</strong></span> 
     </span>
     <span class='ocr_line' id='line_1_17' title="bbox 335 2239 1097 2330; baseline 0.003 -24"><span class='ocrx_word' id='word_1_116' title='bbox 335 2239 470 2330; x_wconf 81' lang='lat' dir='ltr'><strong>AEgypti</strong></span> <span class='ocrx_word' id='word_1_117' title='bbox 488 2241 669 2330; x_wconf 79' lang='lat' dir='ltr'><strong>Libyesque</strong></span> <span class='ocrx_word' id='word_1_118' title='bbox 684 2242 760 2312; x_wconf 81' lang='lat' dir='ltr'><strong>viris</strong></span> <span class='ocrx_word' id='word_1_119' title='bbox 777 2245 907 2309; x_wconf 85' lang='lat' dir='ltr'><strong>omcula</strong></span> <span class='ocrx_word' id='word_1_120' title='bbox 924 2265 1097 2330; x_wconf 89' lang='lat' dir='ltr'><strong>promens,</strong></span> 
     </span>
     <span class='ocr_line' id='line_1_18' title="bbox 337 2357 1075 2440; baseline 0.001 -20"><span class='ocrx_word' id='word_1_121' title='bbox 337 2357 380 2420; x_wconf 87' lang='lat' dir='ltr'><strong>Et</strong></span> <span class='ocrx_word' id='word_1_122' title='bbox 392 2378 445 2420; x_wconf 90' lang='lat' dir='ltr'><strong>me</strong></span> <span class='ocrx_word' id='word_1_123' title='bbox 457 2357 595 2422; x_wconf 86' lang='lat' dir='ltr'><strong>sollicito</strong></span> <span class='ocrx_word' id='word_1_124' title='bbox 607 2357 742 2422; x_wconf 80' lang='lat' dir='ltr'><strong>tandem</strong></span> <span class='ocrx_word' id='word_1_125' title='bbox 757 2359 921 2424; x_wconf 81' lang='lat' dir='ltr'><strong>revocavit</strong></span> <span class='ocrx_word' id='word_1_126' title='bbox 934 2358 978 2422; x_wconf 86' lang='lat' dir='ltr'><strong>ab</strong></span> <span class='ocrx_word' id='word_1_127' title='bbox 992 2374 1075 2440; x_wconf 74' lang='lat' dir='ltr'><strong>mutu</strong></span> 
     </span>
     <span class='ocr_line' id='line_1_19' title="bbox 334 2470 1296 2562; baseline 0.004 -28"><span class='ocrx_word' id='word_1_128' title='bbox 334 2470 524 2553; x_wconf 85' lang='lat' dir='ltr'><strong>Errantem,</strong></span> <span class='ocrx_word' id='word_1_129' title='bbox 541 2471 575 2535; x_wconf 89' lang='lat' dir='ltr'><strong>in</strong></span> <span class='ocrx_word' id='word_1_130' title='bbox 592 2471 796 2560; x_wconf 79' lang='lat' dir='ltr'><strong>patriamque</strong></span> <span class='ocrx_word' id='word_1_131' title='bbox 810 2495 927 2562; x_wconf 74' lang='lat' dir='ltr'><strong>putens</strong></span> <span class='ocrx_word' id='word_1_132' title='bbox 943 2471 1126 2540; x_wconf 78' lang='lat' dir='ltr'><strong>veneranda</strong></span> <span class='ocrx_word' id='word_1_133' title='bbox 1143 2472 1296 2556; x_wconf 81' lang='lat' dir='ltr'><strong>reduxit,</strong></span> 
     </span>
     <span class='ocr_line' id='line_1_20' title="bbox 334 2584 1360 2675; baseline 0.004 -28"><span class='ocrx_word' id='word_1_134' title='bbox 334 2586 380 2647; x_wconf 91' lang='lat' dir='ltr'><strong>Ut</strong></span> <span class='ocrx_word' id='word_1_135' title='bbox 395 2601 522 2651; x_wconf 82' lang='lat' dir='ltr'><strong>teneam</strong></span> <span class='ocrx_word' id='word_1_136' title='bbox 540 2584 651 2655; x_wconf 77' lang='lat' dir='ltr'><strong>tardos</strong></span> <span class='ocrx_word' id='word_1_137' title='bbox 668 2585 837 2651; x_wconf 87' lang='lat' dir='ltr'><strong>morientis</strong></span> <span class='ocrx_word' id='word_1_138' title='bbox 855 2601 1001 2675; x_wconf 85' lang='lat' dir='ltr'><strong>tempore</strong></span> <span class='ocrx_word' id='word_1_139' title='bbox 1020 2609 1129 2655; x_wconf 81' lang='lat' dir='ltr'><strong>canos.</strong></span> <span class='ocrx_word' id='word_1_140' title='bbox 1329 2607 1360 2646; x_wconf 66' lang='grc' dir='ltr'><strong>ιώ</strong></span> 
     </span>
     <span class='ocr_line' id='line_1_21' title="bbox 333 2682 1137 2789; baseline 0.002 -26"><span class='ocrx_word' id='word_1_141' title='bbox 333 2697 398 2765; x_wconf 86' lang='lat' dir='ltr'><strong>Sed</strong></span> <span class='ocrx_word' id='word_1_142' title='bbox 414 2682 646 2787; x_wconf 83' lang='lat' dir='ltr'><strong>nequefamies</strong></span> <span class='ocrx_word' id='word_1_143' title='bbox 661 2700 708 2765; x_wconf 82' lang='lat' dir='ltr'><strong>fas</strong></span> <span class='ocrx_word' id='word_1_144' title='bbox 727 2715 777 2765; x_wconf 85' lang='lat' dir='ltr'><strong>est</strong></span> <span class='ocrx_word' id='word_1_145' title='bbox 795 2699 876 2769; x_wconf 88' lang='lat' dir='ltr'><strong>mihi</strong></span> <span class='ocrx_word' id='word_1_146' title='bbox 894 2702 1019 2768; x_wconf 82' lang='lat' dir='ltr'><strong>solvere</strong></span> <span class='ocrx_word' id='word_1_147' title='bbox 1032 2703 1137 2789; x_wconf 77' lang='lat' dir='ltr'><strong>leges:</strong></span> 
     </span>
     <span class='ocr_line' id='line_1_22' title="bbox 334 2812 1246 2905; baseline 0.005 -29"><span class='ocrx_word' id='word_1_148' title='bbox 334 2813 506 2877; x_wconf 82' lang='lat' dir='ltr'><strong>Parcarum</strong></span> <span class='ocrx_word' id='word_1_149' title='bbox 521 2834 574 2879; x_wconf 86' lang='lat' dir='ltr'><strong>me</strong></span> <span class='ocrx_word' id='word_1_150' title='bbox 588 2812 676 2893; x_wconf 79' lang='lat' dir='ltr'><strong>jussa</strong></span> <span class='ocrx_word' id='word_1_151' title='bbox 690 2814 844 2881; x_wconf 76' lang='lat' dir='ltr'><strong>trabunt:</strong></span> <span class='ocrx_word' id='word_1_152' title='bbox 862 2838 982 2905; x_wconf 79' lang='lat' dir='ltr'><strong>magno</strong></span> <span class='ocrx_word' id='word_1_153' title='bbox 995 2815 1077 2883; x_wconf 91' lang='lat' dir='ltr'><strong>mihi</strong></span> <span class='ocrx_word' id='word_1_154' title='bbox 1090 2830 1246 2887; x_wconf 87' lang='lat' dir='ltr'><strong>oonstent</strong></span> 
     </span>
     <span class='ocr_line' id='line_1_23' title="bbox 334 2927 1277 3017; baseline 0.002 -26"><span class='ocrx_word' id='word_1_155' title='bbox 334 2927 396 2991; x_wconf 88' lang='lat' dir='ltr'><strong>Per</strong></span> <span class='ocrx_word' id='word_1_156' title='bbox 412 2949 586 2995; x_wconf 88' lang='lat' dir='ltr'><strong>numerum</strong></span> <span class='ocrx_word' id='word_1_157' title='bbox 602 2927 737 3015; x_wconf 82' lang='lat' dir='ltr'><strong>quteeite</strong></span> <span class='ocrx_word' id='word_1_158' title='bbox 752 2927 857 3009; x_wconf 81' lang='lat' dir='ltr'><strong>Jovis3</strong></span> <span class='ocrx_word' id='word_1_159' title='bbox 872 2929 1069 3016; x_wconf 80' lang='lat' dir='ltr'><strong>jamjamque</strong></span> <span class='ocrx_word' id='word_1_160' title='bbox 1086 2951 1277 3017; x_wconf 81' lang='lat' dir='ltr'><strong>sequemur,</strong></span> 
     </span>
     <span class='ocr_line' id='line_1_24' title="bbox 334 3040 1085 3110; baseline 0.001 -5"><span class='ocrx_word' id='word_1_161' title='bbox 334 3042 423 3105; x_wconf 86' lang='lat' dir='ltr'><strong>Inter</strong></span> <span class='ocrx_word' id='word_1_162' title='bbox 436 3056 469 3105; x_wconf 90' lang='lat' dir='ltr'><strong>et</strong></span> <span class='ocrx_word' id='word_1_163' title='bbox 480 3041 595 3107; x_wconf 81' lang='lat' dir='ltr'><strong>heroas</strong></span> <span class='ocrx_word' id='word_1_164' title='bbox 609 3040 712 3107; x_wconf 86' lang='lat' dir='ltr'><strong>nostri</strong></span> <span class='ocrx_word' id='word_1_165' title='bbox 729 3040 979 3106; x_wconf 85' lang='lat' dir='ltr'><strong>numerabimur</strong></span> <span class='ocrx_word' id='word_1_166' title='bbox 993 3042 1052 3110; x_wconf 83' lang='lat' dir='ltr'><strong>aevi</strong></span> <span class='ocrx_word' id='word_1_167' title='bbox 1062 3074 1085 3105; x_wconf 66' lang='grc' dir='ltr'><strong>ν.</strong></span> 
     </span>
     <span class='ocr_line' id='line_1_25' title="bbox 376 3152 1359 3244; baseline 0.001 -26"><span class='ocrx_word' id='word_1_168' title='bbox 376 3154 472 3219; x_wconf 86' lang='lat' dir='ltr'><strong>Tune</strong></span> <span class='ocrx_word' id='word_1_169' title='bbox 487 3176 621 3241; x_wconf 86' lang='lat' dir='ltr'><strong>quoque</strong></span> <span class='ocrx_word' id='word_1_170' title='bbox 635 3152 819 3243; x_wconf 81' lang='lat' dir='ltr'><strong>digrediens</strong></span> <span class='ocrx_word' id='word_1_171' title='bbox 838 3170 969 3220; x_wconf 82' lang='lat' dir='ltr'><strong>antrum</strong></span> <span class='ocrx_word' id='word_1_172' title='bbox 988 3156 1183 3243; x_wconf 78' lang='lat' dir='ltr'><strong>peramabile</strong></span> <span class='ocrx_word' id='word_1_173' title='bbox 1195 3157 1296 3244; x_wconf 89' lang='lat' dir='ltr'><strong>liqui,</strong></span> <span class='ocrx_word' id='word_1_174' title='bbox 1326 3190 1359 3212; x_wconf 70' lang='grc' dir='ltr'><strong>ιω</strong></span> 
     </span>
     <span class='ocr_line' id='line_1_26' title="bbox 332 3266 1210 3357; baseline 0.002 -26"><span class='ocrx_word' id='word_1_175' title='bbox 332 3266 509 3337; x_wconf 81' lang='lat' dir='ltr'><strong>Dulcisont</strong></span> <span class='ocrx_word' id='word_1_176' title='bbox 525 3267 704 3337; x_wconf 74' lang='lat' dir='ltr'><strong>eomitante</strong></span> <span class='ocrx_word' id='word_1_177' title='bbox 719 3268 806 3355; x_wconf 83' lang='lat' dir='ltr'><strong>lym,</strong></span> <span class='ocrx_word' id='word_1_178' title='bbox 821 3267 1016 3356; x_wconf 80' lang='lat' dir='ltr'><strong>Minyasque</strong></span> <span class='ocrx_word' id='word_1_179' title='bbox 1029 3285 1210 3357; x_wconf 85' lang='lat' dir='ltr'><strong>sequutus,</strong></span> 
     </span>
     <span class='ocr_line' id='line_1_27' title="bbox 333 3382 1061 3480; baseline -0.001 -29"><span class='ocrx_word' id='word_1_180' title='bbox 333 3383 433 3453; x_wconf 78' lang='lat' dir='ltr'><strong>Aletis</strong></span> <span class='ocrx_word' id='word_1_181' title='bbox 447 3382 587 3480; x_wconf 76' lang='lat' dir='ltr'><strong>pedibus</strong></span> <span class='ocrx_word' id='word_1_182' title='bbox 600 3384 796 3473; x_wconf 71' lang='lat' dir='ltr'><strong>Pegaseium</strong></span> <span class='ocrx_word' id='word_1_183' title='bbox 808 3384 850 3453; x_wconf 77' lang='lat' dir='ltr'><strong>nd</strong></span> <span class='ocrx_word' id='word_1_184' title='bbox 864 3383 960 3449; x_wconf 85' lang='lat' dir='ltr'><strong>litora</strong></span> <span class='ocrx_word' id='word_1_185' title='bbox 975 3386 1061 3452; x_wconf 83' lang='lat' dir='ltr'><strong>veni.</strong></span> 
     </span>
     <span class='ocr_line' id='line_1_28' title="bbox 332 3477 1097 3587; baseline -0.003 -23"><span class='ocrx_word' id='word_1_186' title='bbox 332 3498 394 3564; x_wconf 88' lang='lat' dir='ltr'><strong>Hic</strong></span> <span class='ocrx_word' id='word_1_187' title='bbox 405 3482 482 3563; x_wconf 88' lang='lat' dir='ltr'><strong>tum</strong></span> <span class='ocrx_word' id='word_1_188' title='bbox 497 3498 634 3567; x_wconf 81' lang='lat' dir='ltr'><strong>bellaces</strong></span> <span class='ocrx_word' id='word_1_189' title='bbox 650 3514 792 3587; x_wconf 84' lang='lat' dir='ltr'><strong>augusto</strong></span> <span class='ocrx_word' id='word_1_190' title='bbox 810 3499 845 3566; x_wconf 91' lang='lat' dir='ltr'><strong>in</strong></span> <span class='ocrx_word' id='word_1_191' title='bbox 861 3498 956 3567; x_wconf 84' lang='lat' dir='ltr'><strong>litore</strong></span> <span class='ocrx_word' id='word_1_192' title='bbox 972 3498 1062 3568; x_wconf 85' lang='lat' dir='ltr'><strong>Graii</strong></span> <span class='ocrx_word' id='word_1_193' title='bbox 1094 3477 1097 3483; x_wconf 32' lang='lat'>⁵</span> 
     </span>
     <span class='ocr_line' id='line_1_29' title="bbox 332 3610 1170 3701; baseline 0.002 -24"><span class='ocrx_word' id='word_1_194' title='bbox 332 3614 418 3683; x_wconf 89' lang='lat' dir='ltr'><strong>Cum</strong></span> <span class='ocrx_word' id='word_1_195' title='bbox 434 3613 565 3683; x_wconf 81' lang='lat' dir='ltr'><strong>fremitu</strong></span> <span class='ocrx_word' id='word_1_196' title='bbox 581 3613 623 3681; x_wconf 82' lang='lat' dir='ltr'><strong>ed</strong></span> <span class='ocrx_word' id='word_1_197' title='bbox 638 3613 724 3701; x_wconf 85' lang='lat' dir='ltr'><strong>ripas</strong></span> <span class='ocrx_word' id='word_1_198' title='bbox 737 3610 1023 3680; x_wconf 81' lang='lat' dir='ltr'><strong>condensabantur</strong></span> <span class='ocrx_word' id='word_1_199' title='bbox 1036 3617 1170 3682; x_wconf 69' lang='lat' dir='ltr'><strong>Anam.</strong></span> 
     </span>
    </p>
   </div>
   <div class='ocr_carea' id='block_1_3' title="bbox 333 3726 1414 4176">
    <p class='ocr_par' dir='ltr' id='par_1_3' title="bbox 337 3726 1358 3818">
     <span class='ocr_line' id='line_1_30' title="bbox 337 3726 1358 3818; baseline -0.002 -28"><span class='ocrx_word' id='word_1_200' title='bbox 337 3727 446 3814; x_wconf 82' lang='lat' dir='ltr'><strong>Atque</strong></span> <span class='ocrx_word' id='word_1_201' title='bbox 456 3728 515 3799; x_wconf 92' lang='lat' dir='ltr'><strong>ubi</strong></span> <span class='ocrx_word' id='word_1_202' title='bbox 526 3726 592 3807; x_wconf 84' lang='lat' dir='ltr'><strong>jem</strong></span> <span class='ocrx_word' id='word_1_203' title='bbox 606 3748 735 3817; x_wconf 81' lang='lat' dir='ltr'><strong>gressus</strong></span> <span class='ocrx_word' id='word_1_204' title='bbox 749 3742 897 3815; x_wconf 77' lang='lat' dir='ltr'><strong>spectent</strong></span> <span class='ocrx_word' id='word_1_205' title='bbox 909 3750 962 3791; x_wconf 92' lang='lat' dir='ltr'><strong>me</strong></span> <span class='ocrx_word' id='word_1_206' title='bbox 974 3728 1059 3794; x_wconf 88' lang='lat' dir='ltr'><strong>forre</strong></span> <span class='ocrx_word' id='word_1_207' title='bbox 1073 3730 1296 3818; x_wconf 86' lang='lat' dir='ltr'><strong>propinquos,</strong></span> <span class='ocrx_word' id='word_1_208' title='bbox 1325 3751 1358 3787; x_wconf 62' lang='grc' dir='ltr'><strong>,ιε</strong></span> 
     </span>
    </p>

    <p class='ocr_par' dir='ltr' id='par_1_4' title="bbox 333 3831 1414 4176">
     <span class='ocr_line' id='line_1_31' title="bbox 333 3842 1143 3931; baseline 0.002 -26"><span class='ocrx_word' id='word_1_209' title='bbox 333 3842 503 3907; x_wconf 83' lang='lat' dir='ltr'><strong>Exsultant</strong></span> <span class='ocrx_word' id='word_1_210' title='bbox 515 3842 647 3925; x_wconf 84' lang='lat' dir='ltr'><strong>animis,</strong></span> <span class='ocrx_word' id='word_1_211' title='bbox 661 3857 694 3907; x_wconf 85' lang='lat' dir='ltr'><strong>et</strong></span> <span class='ocrx_word' id='word_1_212' title='bbox 709 3842 827 3931; x_wconf 81' lang='lat' dir='ltr'><strong>gaudie</strong></span> <span class='ocrx_word' id='word_1_213' title='bbox 840 3842 980 3930; x_wconf 77' lang='lat' dir='ltr'><strong>plurima</strong></span> <span class='ocrx_word' id='word_1_214' title='bbox 993 3860 1143 3931; x_wconf 82' lang='lat' dir='ltr'><strong>carpunt.</strong></span> 
     </span>
     <span class='ocr_line' id='line_1_32' title="bbox 333 3958 1061 4046; baseline 0.002 -25"><span class='ocrx_word' id='word_1_215' title='bbox 333 3958 407 4045; x_wconf 89' lang='lat' dir='ltr'><strong>Ipse</strong></span> <span class='ocrx_word' id='word_1_216' title='bbox 420 3979 517 4046; x_wconf 87' lang='lat' dir='ltr'><strong>super</strong></span> <span class='ocrx_word' id='word_1_217' title='bbox 531 3958 628 4025; x_wconf 81' lang='lat' dir='ltr'><strong>tentis</strong></span> <span class='ocrx_word' id='word_1_218' title='bbox 644 3980 791 4045; x_wconf 84' lang='lat' dir='ltr'><strong>quaerens</strong></span> <span class='ocrx_word' id='word_1_219' title='bbox 806 3959 960 4027; x_wconf 87' lang='lat' dir='ltr'><strong>heroibus</strong></span> <span class='ocrx_word' id='word_1_220' title='bbox 974 3958 1061 4023; x_wconf 84' lang='lat' dir='ltr'><strong>ibam</strong></span> 
     </span>
     <span class='ocr_line' id='line_1_33' title="bbox 334 4073 1414 4176; baseline 0.002 -41"><span class='ocrx_word' id='word_1_221' title='bbox 334 4073 480 4139; x_wconf 87' lang='lat' dir='ltr'><strong>Herculis</strong></span> <span class='ocrx_word' id='word_1_222' title='bbox 499 4096 536 4141; x_wconf 84' lang='lat' dir='ltr'><strong>ac</strong></span> <span class='ocrx_word' id='word_1_223' title='bbox 554 4075 698 4161; x_wconf 90' lang='lat' dir='ltr'><strong>primum</strong></span> <span class='ocrx_word' id='word_1_224' title='bbox 712 4074 866 4161; x_wconf 80' lang='lat' dir='ltr'><strong>conspexi</strong></span> <span class='ocrx_word' id='word_1_225' title='bbox 885 4074 981 4139; x_wconf 79' lang='lat' dir='ltr'><strong>fortia</strong></span> <span class='ocrx_word' id='word_1_226' title='bbox 995 4074 1061 4138; x_wconf 88' lang='lat' dir='ltr'><strong>divi</strong></span> <span class='ocrx_word' id='word_1_227' title='bbox 1413 4133 1414 4176; x_wconf 29' lang='lat' dir='ltr'><strong>q</strong></span> 
     </span>
    </p>
   </div>
   <div class='ocr_carea' id='block_1_4' title="bbox 0 0 1434 4975">
    <p class='ocr_par' dir='ltr' id='par_1_5' title="bbox 0 0 1434 4975">
     <span class='ocr_line' id='line_1_34' title="bbox 0 0 1434 4975; baseline 0 1"><span class='ocrx_word' id='word_1_228' title='bbox 0 0 1434 4975; x_wconf 95' lang='lat' dir='ltr'><strong> </strong></span> 
     </span>
    </p>
   </div>
  </div>
 </body>
</html>
