2859 4975
279 423 342 508 37⁸
447 471 448 484 t
665 426 969 492 caratoeus

277 544 387 608 fusum
412 568 486 610 cum
512 549 651 631 Enffto,
667 550 830 614 OEehaliae
848 573 940 639 rege,
958 551 984 612 si
1002 571 1070 612 non
1088 549 1175 612 idem
1195 550 1256 612 sit:
1273 571 1345 612 nam

279 673 382 736 quum
403 652 511 740 plures
525 654 686 720 OEohaliae
702 657 843 738 l'uerint,
855 657 1017 720 incertum
1030 654 1072 718 de
1086 678 1151 743 qua
1162 655 1346 744 intelligen·

278 753 318 816 da
334 756 488 820 OEchalia
506 758 621 847 Euryti
631 783 639 840 ;
649 761 713 824 vid.
727 761 875 825 Eustath.
888 759 929 826 ad
940 763 1037 826 Hom.
1049 761 1071 824 l.
1086 760 1108 823 l.
1121 761 1262 845 Eurytus
1271 783 1347 824 vero
1408 798 1409 833 ,

277 860 329 924 ille
352 861 492 928 Melanei
513 863 598 928 lilius
618 866 681 929 l'uit
705 867 741 929 in
764 865 961 930 Messeniaea
988 866 1121 954 regione
1136 867 1266 946 cultus;
1283 865 1346 928 vid

279 966 416 1033 Pausan.
429 968 506 1051 11,3
516 1017 525 1052 ,
536 971 593 1058 qni
605 987 637 1034 et
646 972 922 1060 Epaminondam,
933 993 1051 1034 novam
1064 971 1182 1034 urbem
1193 969 1348 1035 conditu·
1408 948 1409 971 l

279 1094 374 1153 riam,
388 1075 551 1163 precipue
569 1077 669 1142 heroa
684 1079 841 1163 Eurytum
852 1079 1019 1144 invocasse
1035 1075 1127 1159 dicit,
1144 1100 1213 1164 cap.
1232 1077 1301 1158 26,
1318 1091 1349 1139 et

279 1172 347 1250 ejus
371 1197 442 1238 ossa
463 1178 583 1239 servari
605 1178 642 1240 in
663 1179 756 1260 loco,
770 1179 827 1266 qui
844 1179 922 1242 olim
941 1178 1116 1259 OEchalia,
1130 1193 1243 1265 postes
1255 1179 1348 1242 luens
1408 1172 1409 1175 '

276 1277 447 1344 Carnasius
461 1280 640 1363 dicebatur,
656 1306 725 1371 cap.
738 1283 790 1350 33.
801 1284 968 1348 Melaneus
978 1305 1057 1346 vero
1068 1283 1348 1372 prestantissimae

276 1386 352 1448 artis
377 1387 570 1475 sagittandi,
588 1405 626 1452 ut
644 1389 804 1482 Apollinis
822 1389 907 1453 filius
925 1388 1107 1473 diceretur3
1123 1390 1220 1454 Paus.
1242 1390 1301 1471 IV,
1320 1411 1347 1452 a.

275 1489 432 1557 Maserius
461 1492 502 1558 ad
522 1496 592 1558 Val.
617 1497 662 1559 Fl.
690 1497 705 1560 l
714 1544 723 1578 ,
741 1496 824 1582 439,
846 1497 990 1560 incertus
1015 1512 1081 1578 est,
1102 1517 1201 1582 quem
1230 1510 1349 1558 statuat

276 1599 449 1683 Eurytum,
474 1623 514 1664 an
540 1616 664 1687 patrem
690 1603 774 1666 Ioles
801 1602 922 1690 (quern
951 1601 1068 1690 Euryti
1087 1601 1219 1664 alterius
1246 1599 1348 1664 filium

276 1703 385 1788 nescio
398 1704 487 1770 unde
497 1705 599 1794 lauit),
609 1729 649 1778 an
661 1707 804 1772 Melauei
810 1708 921 1794 (quem
930 1705 1220 1792 Meaeleumvocat)
1230 1705 1348 1784 lilium,

276 1824 383 1872 tamen
407 1811 578 1896 Eurytum,
596 1813 744 1876 Echrhna
760 1829 793 1876 et
810 1812 1008 1877 AEtbnlidem
1026 1811 1182 1878 Mercurii
1197 1811 1302 1893 lilios,
1318 1825 1349 1873 et

276 1915 361 1979 inter
383 1939 417 1980 se
442 1919 575 2000 l'ratres3
597 1917 655 1982 sed
664 1920 845 1983 AEttalntoe
861 1920 923 1983 alia
939 1919 1004 1982 fuit
1019 1933 1132 1999 mater,
1146 1935 1184 1981 nt
1197 1916 1348 1982 vidimus.

276 2021 424 2109 Denique
435 2022 610 2108 Eurytum,
627 2047 737 2112 regem
754 2027 974 2113 Cyrenarum,
990 2024 1205 2111 aPhylarclto
1224 2023 1347 2101 vocari,

276 2151 372 2214 quern
391 2128 444 2191 alii
451 2129 650 2217 Eurypylum
664 2147 874 2211 vocaverunt,
890 2129 987 2194 docet
1000 2153 1060 2193 nos
1076 2131 1183 2194 Schol.
1197 2129 1346 2216 Apollon.

241 2260 243 2266 ’
276 2231 332 2314 IV,
352 2230 445 2297 1561.

229 2506 231 2513 ι
317 2458 527 2524 GLAUCUS.
543 2459 636 2541 ·Hie,
659 2460 760 2540 cujus·
776 2473 926 2547 parentes
942 2459 1029 2522 varie
1056 2455 1242 2533 traduntur,
1269 2456 1347 2520 deus
1410 2501 1411 2570 p

276 2567 421 2629 marinus
438 2567 561 2647 lactus,
577 2590 594 2631 a
612 2566 759 2646 nemine,
775 2563 867 2652 quod
883 2565 1001 2645 seiam,
1017 2562 1211 2651 Argonautis
1233 2584 1347 2626 aceen-
1410 2579 1411 2616 l

275 2686 375 2752 setur,
390 2671 451 2735 nisi
468 2696 484 2735 a
502 2672 635 2752 Poside,
648 2694 746 2759 quem
755 2681 757 2684 '
766 2670 874 2735 laudat
886 2670 1080 2751 Athenaeus,
1090 2669 1147 2733 lib.
1159 2669 1224 2731 vlt
1235 2692 1280 2751 ,e.
1294 2690 1346 2747 12,
1410 2681 1411 2730 t

275 2778 331 2864 qui
351 2780 439 2866 Argo
464 2780 552 2842 navis
573 2779 703 2843 fabrum
727 2794 761 2841 et
783 2778 1034 2866 gubernatorem
1056 2776 1175 2858 fnisse,
1191 2775 1254 2854 ait,
1267 2792 1300 2838 et
1314 2777 1346 2837 in
1410 2825 1411 2838 ,

274 2905 382 2971 pugna
410 2886 512 2947 navali
537 2908 613 2949 curn
625 2884 803 2972 Tyrrhenis
819 2884 912 2947 nullo
925 2883 1059 2947 vulnere
1075 2882 1277 2964 sauciatum,
1293 2879 1347 2944 sed

275 2990 309 3053 in
327 2990 394 3054 imo
414 2992 510 3055 maris
527 2991 732 3080 apparuisse,
746 3006 781 3053 et
794 2989 894 3054 deum
911 2991 1046 3055 factum.
1062 2988 1216 3078 Apollon.
1237 2988 1296 3052 lib.
1317 2989 1346 3064 Ι,

275 3118 321 3161 vs.
354 3098 454 3178 1310,
478 3112 552 3184 post
569 3098 753 3169 ¹Herculem
779 3097 947 3178 relictum,
973 3095 1159 3185 apparuisse
1190 3093 1347 3158 Glaucum

274 3228 291 3269 e
307 3204 412 3269 fundo
430 3206 526 3269 maris
542 3205 651 3295 fingit,
665 3208 722 3292 qui
739 3206 887 3269 Hermlis
901 3221 934 3269 et
948 3202 1143 3292 Polyphemi
1159 3204 1266 3265 fatum
1283 3224 1345 3265 non

275 3334 360 3393 esse,
375 3328 412 3376 ut
429 3312 464 3375 in
483 3311 639 3377 Colchida
655 3312 920 3401 pernavigamnt,
933 3310 1065 3375 dooeret
1076 3330 1143 3374 eos.
1155 3309 1294 3396 Reliqua
1310 3307 1345 3371 de

274 3419 339 3483 hoe
355 3437 387 3483 et
405 3420 474 3483 aliis
494 3417 624 3483 Glaucis
639 3418 694 3483 hie
706 3419 926 3507 praeterimus,
938 3417 1001 3481 nisi
1017 3418 1042 3479 si
1058 3415 1131 3504 quis
1146 3414 1187 3478 de
1205 3412 1343 3491 Glauco,

275 3525 403 3613 Sisyphi
432 3524 515 3607 filio,
538 3526 684 3615 ⁴cogitare
707 3526 800 3607 velit,
824 3525 881 3612 qui
913 3522 997 3586 filius
1020 3522 1108 3589 AEoli
1137 3522 1218 3602 fuit3
1244 3538 1278 3585 et
1307 3520 1344 3582 ita

277 3631 436 3706 Glaucus,
453 3631 602 3718 proximo
621 3653 740 3719 genere
757 3631 868 3694 Jasoni
887 3630 1100 3709 conjunctus,
1116 3628 1226 3715 potnit
1244 3627 1345 3690 socius

229 3759 242 3813 '.
274 3736 397 3800 itineris
414 3737 522 3801 fuisse.

274 3952 284 3968 ‘
319 3958 553 4039 HERCULES,
565 3958 757 4041 Thebanus,
771 3957 859 4022 lovis
874 3974 907 4020 et
918 3957 1081 4020 Alcmenae
1107 3954 1208 4029 fitius,
1223 3951 1266 4017 de
1285 3976 1346 4039 qno

274 4066 373 4129 verba
389 4064 524 4152 perdere
542 4088 609 4127 non
627 4066 718 4146 licet,
733 4066 809 4152 quia
824 4065 905 4129 nulli
925 4087 992 4127 non
1012 4061 1134 4142 dictus,
1148 4060 1206 4125 sed
1223 4059 1346 4123 notissi-

281 4195 352 4235 mus
379 4189 435 4237 est.
459 4173 656 4258 Argonautis
682 4195 717 4234 se
741 4172 913 4235 associasse
934 4190 1047 4235 ornnes
1066 4163 1236 4249 scribunt,
1250 4167 1345 4228 imnto
