2859 4975
265 432 327 504 104
570 427 829 493 C.VALE1t11
858 426 1033 493 FLACCI

310 557 399 640 Quid
417 572 596 626 meantem
613 557 659 622 sic
676 556 729 628 illo
747 571 877 637 movet,
895 571 1070 644 superetue
1085 553 1228 633 liberes,

310 677 361 739 An
381 671 487 753 cadat,
508 686 540 737 et
558 687 650 740 tanto
666 672 820 741 turbetur
837 670 961 741 Gentio
974 669 1087 738 luctu?

311 787 446 868 Saltem,
467 786 531 854 loto
546 786 652 854 virum
669 759 696 852 ii
712 785 779 864 jaro
794 807 945 874 suprema
961 783 1124 864 foetur,

312 903 425 965 iussus
441 899 482 963 ad
498 901 627 989 ignotos
643 900 753 988 potius
771 900 855 970 foret
872 901 919 967 ire
937 899 1108 987 tyrannos!

315 1019 343 1080 Ο
362 1017 505 1096 utinam,
524 1032 556 1078 et
573 1013 704 1084 taudem
721 1037 790 1084 non
806 1016 868 1082 httc
889 1031 1071 1084 moreretur
1088 1014 1123 1078 iu
1136 1012 1235 1083 urle!
1305 1026 1342 1064 ¹³⁵

315 1131 464 1217 Namque
481 1145 513 1201 et
527 1127 655 1200 odoro
670 1131 775 1197 uoueri
792 1129 834 1196 de
850 1130 1008 1219 unguine
1023 1128 1144 1215 Phryxi

316 1246 461 1325 Dicitur;
479 1261 512 1314 et
527 1266 633 1311 ceram
649 1243 717 1308 vidi
734 1244 912 1314 indoluioee
929 1266 1092 1312 sororem:

317 1362 422 1446 Seque
440 1359 484 1422 ait
499 1358 556 1430 het
572 1359 668 1439 iustis
685 1374 795 1428 actutu
813 1359 912 1426 mirer
929 1359 977 1424 ire
995 1380 1055 1445 per
1069 1356 1185 1422 undae.

319 1477 386 1537 Aut
402 1471 512 1540 redeat
529 1494 741 1559 quooumque
756 1471 873 1552 modo,
891 1494 1009 1558 meque
1025 1471 1085 1537 isto
1101 1471 1228 1560 procuri

318 1589 464 1668 Nesciat,
481 1605 577 1677 etque
593 1611 705 1658 melun
725 1611 792 1654 nou
809 1587 914 1652 oderit
929 1589 982 1654 ille
998 1604 1197 1675 parentem».

308 1794 622 1842 13t.1³erumbme.v2tio.
641 1804 664 1838 et
679 1796 770 1838 Borion.
787 1793 856 1839 oocld.
873 1795 962 1838 Bonou.
978 1795 988 1836 l
1006 1803 1030 1837 et
1046 1794 1076 1836 ll.
1096 1819 1126 1829 -
1148 1795 1199 1853 139.
1215 1797 1248 1838 Ae
1262 1794 1347 1838 redeat.

278 1878 367 1921 Bouou.
386 1875 417 1919 ll.
437 1874 521 1918 Mater.
542 1875 642 1933 lingent.
658 1898 688 1948 ἶ-
707 1882 759 1929 140.
778 1873 863 1919 Oderat
874 1875 965 1919 Bouou,
982 1882 1005 1918 et
1015 1875 1093 1918 Burro.
1107 1872 1176 1919 codd.
1194 1874 1237 1919 lin.

278 2087 447 2159 cogitaverit,
473 2101 500 2138 ut
525 2105 556 2138 oe
579 2107 668 2138 romeu
693 2088 792 2153 quidem
836 2085 904 2147 duo,
917 2083 1015 2137 nedum
1032 2085 1162 2155 superbie
1180 2085 1350 2156 eulptndue,

278 2187 356 2220 mem
369 2169 395 2217 in
407 2169 515 2231 patriam
528 2168 626 2232 resim
837 2169 875 2215 ait
887 2183 915 2218 ee
927 2183 984 2216 non
994 2175 1088 2234 sponte
1100 2183 1132 2217 uc
1150 2177 1250 2218 temere
1268 2166 1350 2216 molo

318 2246 376 2298 131.
386 2243 459 2307 Quid
475 2255 564 2298 autem
581 2261 641 2298 meo
655 2256 792 2317 tantopere
836 2263 889 2316 que
898 2244 1007 2297 coneilio
1018 2283 1027 2308 ,
1037 2243 1171 2304 eedPeliae
1175 2247 1254 2314 jureii
1268 2261 1351 2298 aetum

280 2323 400 2386 intersit,
420 2338 545 2390 superetne
565 2327 659 2374 labores
679 2343 692 2374 a
717 2338 792 2396 patre
836 2323 890 2377 huc
902 2325 1010 2378 venisse.

279 2409 379 2476 jussos,
391 2422 424 2452 au
434 2404 522 2460 radat,
532 2415 622 2473 pereat
633 2401 723 2471 (haud
733 2424 791 2486 per-
876 2406 935 2470 139.
948 2409 1105 2472 Quocumque
1115 2409 1204 2466 modo,
1216 2405 1273 2458 eive
1281 2407 1350 2481 poti·

282 2479 794 2553 indetarneneibiesse‚statimprodii,
839 2496 880 2538 tuo
903 2483 1014 2548 vellere,
1037 2483 1092 2539 sive
1120 2504 1166 2562 epe
1193 2483 1352 2549 deotimus,

283 2563 357 2618 a'ddit
368 2563 452 2616 enim:
466 2565 595 2629 >erroneo
610 2566 720 2613 turbetur
729 2568 795 2615 Grae-
838 2575 901 2635 opto
914 2575 944 2615 ut
958 2568 1045 2619 redeat
1060 2565 1086 2616 in
1105 2564 1253 2632 Credam,
1270 2577 1296 2619 et
1309 2585 1354 2619 ne·

283 2650 323 2697 cia
342 2648 430 2695 luctui?
446 2640 590 2695 dolendum
608 2661 703 2713 nempe
723 2662 794 2707 eree,
840 2644 904 2697 sciat
913 2664 955 2698 me
964 2649 1011 2696 ista
1016 2649 1132 2714 precari,
1143 2665 1193 2718 pro
1202 2648 1260 2718 ejus
1268 2646 1355 2698 salute

284 2726 304 2778 si
318 2734 372 2778 lam
387 2723 483 2795 egregii
501 2723 607 2795 juvenis
620 2722 722 2774 obitum
741 2735 796 2775 tota
840 2735 901 2777 vota
917 2726 1021 2789 lacere,
1036 2738 1061 2777 et
1072 2746 1151 2776 meum
1159 2742 1290 2794 parentem
1304 2746 1353 2776 nou

285 2804 386 2858 Graecia
400 2803 527 2879 deploret.
842 2806 937 2854 oderit.-
955 2805 1076 2878 egregius
1097 2824 1204 2869 tensus,
1219 2804 1247 2857 ni
1266 2805 1355 2857 subes-

324 2886 382 2937 133.
393 2887 483 2935 Saltem
492 2884 515 2933 si
523 2885 586 2950 fata
595 2884 677 2931 virum
684 2884 752 2948 jam,
769 2881 797 2932 in
842 2894 881 2936 set
894 2894 1025 2935 metusne
1038 2882 1092 2936 odii
1104 2903 1165 2955 pars
1176 2884 1204 2936 in
1217 2885 1301 2936 liliam
1311 2904 1354 2937 re·

285 2964 351 3017 ssore
370 2962 451 3016 etatis
474 2959 661 3022 constitutum,
684 2980 797 3027 supremo
842 2960 914 3013 oidat
928 2964 974 3031 (v.
993 2961 1063 3014 infra
1077 2970 1146 3027 204:
1162 2983 1265 3031 eumque
1277 2968 1357 3014 omni-

277 3047 411 3114 serebant,
425 3040 474 3113 ipsi
488 3038 660 3094 moriundum
675 3051 741 3106 etot,
755 3045 798 3091 uti·
842 3045 886 3091 bus
900 3043 953 3092 odit
967 3047 1007 3092 Me
1019 3062 1117 3109 quoque
1125 3045 1145 3111 ).
1159 3041 1258 3095 Mirum
1271 3061 1357 3113 quan-

288 3144 345 3175 nam
358 3126 440 3191 jussus
461 3130 527 3172 esset
550 3119 587 3168 od
612 3122 722 3187 ignotos,
743 3139 797 3171 non
842 3133 899 3172 tum
917 3120 949 3173 sit
959 3122 1081 3174 Valerius
1104 3122 1249 3175 affectuum
1272 3121 1357 3173 animi

287 3214 413 3275 cognatos
424 3200 495 3268 (hoc
516 3196 629 3251 suadent
643 3198 796 3270 sequentia:
843 3200 1037 3272 pingendorum
1054 3200 1161 3276 peritus.
1182 3199 1255 3267 Quid
1273 3201 1358 3253 refert

287 3288 334 3335 hoc
354 3287 379 3333 io
405 3284 479 3341 urbe,
497 3296 520 3330 et
539 3282 617 3331 nostri
634 3282 665 3329 de
680 3282 800 3346 sanguine
843 3290 933 3331 uuum
944 3280 1023 3331 Jason
1034 3282 1127 3331 AEeteu
1136 3280 1235 3342 oderit,
1247 3278 1359 3333 necne?

287 3364 403 3430 Phryxi),
417 3365 452 3412 ire
465 3376 590 3427 tyrannos.
843 3357 916 3410 Nihil
929 3359 1002 3411 aliud
1012 3358 1063 3412 hoc
1073 3372 1111 3413 eet
1121 3378 1201 3431 quam
1212 3359 1357 3421 excusatio,

327 3444 385 3494 136.
397 3444 509 3505 Namque
523 3453 547 3488 et
560 3440 671 3497 sidereo,
686 3457 700 3487 a
715 3448 800 3489 matre
844 3457 898 3509 qua
916 3456 1004 3491 secum
1027 3440 1110 3490 utitur
1127 3436 1238 3504 Medea,
1258 3449 1288 3490 ut
1307 3438 1358 3491 sibi

290 3521 359 3572 enim
368 3518 485 3589 Nephele
494 3516 528 3569 od
537 3514 600 3567 deos
610 3534 694 3587 genus
702 3514 800 3567 relere-
844 3519 921 3572 liceat
932 3538 981 3572 suo
990 3519 1017 3571 iu
1031 3519 1156 3571 iasonem
1169 3516 1257 3571 studio
1270 3516 1359 3586 indul·

289 3602 352 3663 hat,
372 3601 449 3648 nostri
466 3600 497 3648 de
512 3598 630 3663 sanguine
644 3598 739 3661 Plrfll'
754 3613 798 3646 co·
844 3617 921 3669 gere,
942 3597 1007 3649 dum
1030 3597 1081 3649 sibi
1100 3596 1206 3649 videtur
1225 3596 1264 3649 nil
1284 3596 1359 3650 aliud

289 3690 384 3749 gnatus
400 3680 497 3735 dicitur,
518 3690 543 3725 et
560 3694 644 3725 caram
662 3677 717 3725 uidi
730 3670 800 3724 in'do-
844 3697 926 3749 quam
939 3678 1043 3729 Jasouis
1057 3676 1148 3730 odium
1162 3696 1175 3728 o
1195 3690 1271 3748 patre
1286 3696 1359 3729 over·

289 3763 360 3813 luisse
376 3776 496 3817 sororem,
513 3775 599 3807 meum
619 3756 800 3828 Chalciopen,
844 3776 966 3810 runcare.
985 3757 1046 3808 Haec
1063 3756 1155 3807 ultima
1168 3754 1268 3807 Medeae
1279 3757 1358 3809 verba

289 3858 347 3912 quae
372 3848 397 3891 et
422 3838 475 3907 ipso
500 3838 642 3899 Jasonetn,
659 3848 801 3909 cognatum
846 3836 965 3888 futuram
980 3838 1035 3906 ejus
1051 3833 1145 3905 agendi
1160 3834 1290 3886 rationem
1305 3834 1359 3886 fere

290 3919 379 3971 mariti
401 3917 464 3969 olim
488 3914 601 3989 Phryxi,
623 3916 728 3971 miserta
754 3931 801 3970 est.
846 3912 1098 3987 praenuntiantzilla
1112 3914 1188 3965 enim‘
1201 3931 1254 3964 ειη·
1272 3913 1302 3965 in
1314 3932 1358 3985 pa·

291 3997 370 4066 Quod
390 3997 471 4068 igitur
492 3994 565 4047 liouit
587 3998 687 4064 sorori,
707 3996 801 4067 quidni
846 4007 913 4047 trem
933 3994 1038 4067 pietatis
1065 3993 1152 4065 specie
1177 4012 1287 4058 secura,
1303 3995 1359 4065 jam

290 4080 369 4133 liceat
382 4076 464 4130 mihi?
739 4079 742 4088 ‘
846 4073 952 4126 tandem
973 4072 1106 4126 amatorie
1126 4071 1298 4124 sollicitudini
1320 4084 1359 4123 to-

328 4158 384 4210 138.
399 4158 476 4211 lason
499 4155 554 4226 ipse
574 4160 655 4215 miser,
675 4156 801 4211 miseran·
847 4164 898 4205 tam
911 4174 939 4206 se
949 4153 1041 4205 tradet.
1054 4152 1107 4203 En.
