2859 4975
250 373 316 436 358
630 376 937 442 CATALOGUS
1034 453 1038 458 ,

251 519 324 566 mus
352 496 649 580 Schurtnsseisehirrs
685 501 720 562 iu
745 501 1088 566 Animadversionibus
1112 502 1154 566 ad
1178 505 1322 593 Longin.

140 666 142 671 .
249 625 317 691 cap.
333 606 381 684 X,
394 629 466 693 pag.
484 605 535 668 66.

294 820 502 882 CAN'PHUS.
528 821 569 880 Et
595 821 650 882 hic
682 822 835 884 erunibus
867 838 1065 887 mensuratus
1093 805 1323 907 scriptoribus.

248 924 446 988 Abantiades
462 923 580 986 dicitur
594 925 742 1014 Apollon.
757 919 790 1003 I,
804 924 862 1012 78,
876 924 1325 990 etSchol.eurufieitfiliu1u

251 1029 387 1094 Canethi
406 1027 514 1115 (unde
540 1052 633 1092 mons
657 1030 691 1091 in
717 1029 870 1115 Boeotia),
886 1031 943 1116 qui
964 1028 1048 1097 filius
1064 1032 1217 1110 Abanti,
1231 1030 1326 1092 unde

249 1137 379 1200 Euboeae
406 1135 517 1198 incolae
544 1137 685 1198 Abantes
704 1135 800 1217 dicti3
820 1158 964 1222 quocum
993 1151 1025 1198 et
1047 1137 1201 1226 Orpheus
1224 1135 1323 1216 facit,

251 1241 304 1328 qui
318 1264 363 1304 vs.
387 1240 464 1324 139,

369 1414 462 1471 Κανθὸς
481 1408 506 1461 8'
519 1410 646 1466 Εὺὸοίηθιν
660 1404 800 1472 Residina
814 1415 940 1481 ἐπέρησεν.

199 1613 203 1625 ¹
250 1573 394 1652 Valerius
406 1614 499 1671 vero,
514 1590 567 1652 lib.
592 1592 625 1670 1,
644 1589 728 1670 453,
743 1592 925 1678 genitorem
943 1591 1077 1656 Asana
1091 1608 1199 1672 vocat,
1210 1608 1248 1654 et
1262 1593 1322 1657 lib.

251 1695 314 1774 vl,
335 1695 409 1775 321,
421 1693 604 1758 Euboicum
617 1696 702 1759 iacit.
715 1695 941 1764 Abantasnero
952 1696 1061 1782 plures
1073 1695 1188 1776 fuisse,
1200 1697 1324 1762 stulius

251 1805 345 1867 etiarn
360 1802 561 1864 Abantiadas
574 1803 681 1864 vocari
697 1801 837 1867 vidimus
860 1802 894 1864 in
910 1803 1027 1870 Arato:
1041 1824 1140 1888 quare
1167 1819 1323 1868 nostrum

250 1908 412 1973 deducere
433 1909 513 1986 ticet,
529 1930 567 1970 ex
583 1907 637 1970 illo
647 1906 791 1986 Abante,
805 1908 862 1992 qui
876 1907 1088 1994 Melampodis
1099 1906 1201 1989 filius,
1216 1929 1324 1995 nepos

250 2013 480 2100 Amythaonis,
501 2014 665 2100 pronepos
690 2012 820 2076 Crethei
845 2013 924 2092 init,
944 2029 981 2074 ut
1007 2014 1052 2080 itn
1071 2035 1191 2100 genere
1208 2013 1323 2079 tasoni

250 2120 346 2184 fuerit
360 2120 658 2204 conjunctissimus.
674 2119 806 2208 Hygino
818 2119 938 2184 dieitur
953 2119 1103 2184 Certamis
1114 2118 1215 2199 filius,
1229 2119 1323 2206 quod

250 2247 367 2290 nornen
391 2241 477 2318 certe
500 2241 690 2311 corruptum
713 2241 774 2288 est.
795 2225 856 2286 Hie
872 2247 939 2286 nou
957 2224 1053 2291 rediit
1068 2223 1224 2305 domum,
1243 2224 1323 2306 sed,

251 2345 288 2394 ut
305 2330 453 2416 Hyginus
472 2331 587 2409 refert,
602 2332 633 2391 in
659 2330 758 2416 Libyn
786 2354 804 2391 a
831 2331 1029 2417 Cephalione
1053 2353 1129 2393 oum
1155 2329 1323 2417 Euryhnte
1409 2326 1410 2343 ¹

251 2437 450 2501 interiectus.
477 2436 689 2523 Apollonius,
707 2434 870 2516 1,485‚a
888 2435 1059 2523 Caphouro
1076 2433 1143 2503 filio
1160 2435 1322 2503 Nasamo-
1409 2482 1410 2494 .

250 2541 300 2604 nis
326 2556 358 2603 et
376 2540 554 2605 Tritonidis
574 2541 735 2629 Nynrphae
753 2542 764 2628 (
775 2544 831 2628 qui
857 2540 942 2605 filius
962 2540 1251 2629 Amphithernidis‚
1270 2540 1322 2603 sei

250 2648 470 2727 Gararnantis3
482 2663 514 2711 et
531 2646 583 2709 ille
601 2670 640 2711 ex
654 2647 833 2713 Aeneallide
848 2648 967 2711 minori
983 2647 1047 2715 filia
1063 2645 1147 2712 filius
1164 2647 1281 2713 Phoebi
1291 2646 1322 2733 ),

251 2754 343 2831 eujus
359 2775 457 2840 pecus
479 2754 607 2842 abigere
622 2754 766 2834 volebat,
779 2753 886 2841 lapide
909 2754 1011 2821 ictum
1031 2753 1128 2821 canit.
1148 2752 1322 2840 Orpheus,

253 2864 332 2938 141,
347 2859 534 2945 simpliciter
551 2861 584 2921 in
602 2860 702 2947 Libya
721 2860 852 2947 periisse
867 2856 955 2925 dicit.
971 2858 1119 2925 Valerius
1132 2858 1174 2923 nh
1187 2857 1238 2925 his
1252 2856 1322 2935 dis·

249 2962 356 3029 sidens
373 2987 466 3044 eum,
480 2965 533 3029 tib.
549 2966 613 3045 vl,
628 2964 703 3050 317,
720 2964 987 3047 etV11,t22,in
1003 2986 1113 3053 pugna
1131 2986 1206 3029 eum
1223 2964 1322 3026 Perse
1409 2971 1410 3050 p

250 3093 268 3131 a
284 3068 455 3133 Gesandro
470 3071 702 3157 interemptum
718 3086 886 3135 memorat.
902 3070 1061 3156 Maserius
1068 3069 1109 3136 nd
1121 3068 1176 3135 lih
1187 3070 1202 3135 1
1214 3118 1225 3142 .
1236 3068 1322 3147 ιίὸι,

251 3173 292 3237 ad
310 3175 467 3245 Canthum
486 3178 583 3239 refert
601 3176 654 3237 illa
673 3175 819 3255 Seneca,
836 3173 924 3243 Med.
938 3197 984 3237 vs.
1003 3174 1087 3239 622:

427 3365 500 3420 Aulis
513 3366 601 3417 arnissi
616 3382 717 3416 memor
732 3362 795 3416 iude
805 3364 888 3435 regis,
898 3376 946 3415 etc.

253 3554 334 3633 Quae
344 3551 396 3614 alii
405 3548 445 3613 ad
454 3550 599 3639 Tiphyn,
610 3550 662 3613 atii
675 3548 832 3636 Erginum
844 3564 988 3634 spectare
999 3564 1134 3610 censent
1143 3571 1152 3628 5
1162 3547 1235 3611 vide
1248 3548 1321 3610 Sca·

252 3658 341 3747 liger.
362 3655 402 3718 ad
427 3655 573 3743 Propert.
599 3654 717 3734 111,6,
734 3653 775 3717 23
788 3677 797 3735 3
812 3654 868 3716 sed
891 3654 982 3716 locus
999 3653 1053 3715 ille
1073 3652 1152 3714 mihi
1169 3652 1317 3716 nondum

252 3761 366 3849 planus
385 3781 454 3823 esse
467 3760 605 3824 videtur.

294 3984 461 4049 CASTOR
471 4002 503 4048 et
513 3986 702 4067 POLLUX,
714 3987 847 4066 tratres2
858 3985 943 4049 lovis
955 3983 1027 4065 filii,
1039 3984 1201 4066 Dioscuri,
1216 3982 1319 4046 notio·

250 4114 299 4156 res
318 4088 409 4173 ¹fore,
423 4112 520 4180 quam
545 4106 582 4154 ut
605 4090 745 4160 describi
768 4092 950 4179 postulent:
964 4113 1039 4155 nam
1062 4106 1094 4154 et
1117 4090 1199 4152 nulli
1220 4089 1316 4169 hujus

1409 4247 1411 4362 i
