2859 4975
274 430 334 535 C.
361 427 670 532 VALERII
700 429 739 529 F
749 427 975 532 LACCI

423 714 630 794 SETINI
666 712 844 790 BALBI

205 954 1010 1086 ‘ARGONAUTICON

371 1248 548 1326 LIBER
588 1247 876 1326 OCTAVUS.

438 1505 800 1538 -..ι-θον*

310 1747 557 1858 AIIALYSIS
588 1747 728 1816 LIBRI
760 1747 957 1818 OCTAVI.

103 1940 217 2012 Medea,
232 1941 323 2018 patris
338 1941 411 1998 iram
425 1942 543 2012 timens,
558 1939 691 1998 ultimum
705 1939 833 1997 thalamo
848 1938 1015 2016 mundoque
1029 1933 1164 1995 muliebri

139 2033 202 2090 vale
227 2031 316 2105 dicit,
341 2034 468 2090 arculam
489 2033 642 2108 sinumque
666 2031 762 2109 ipsum
783 2029 1022 2090 medicaminibus
1044 2044 1163 2101 onerat,

139 2125 194 2202 piis
209 2138 306 2182 tamen
321 2145 377 2203 pro
396 2125 595 2184 incolumitate
612 2122 704 2201 patris
718 2121 795 2180 votis
814 2123 912 2195 factis,
936 2141 1004 2181 ense
1023 2123 1118 2180 cincta
1134 2122 1164 2180 in

139 2217 236 2274 lucum
258 2230 415 2295 properat,
441 2219 531 2276 1-23.
556 2222 645 2278 Jason
670 2215 713 2275 ibi
737 2235 801 2274 eam
821 2218 991 2295 praestolana
1012 2228 1165 2293 paventem

140 2307 261 2385 excipit,
276 2307 448 2387 blandisque
473 2309 587 2381 verbis,
605 2323 639 2368 ut
661 2309 747 2367 tantis
766 2308 803 2367 de
827 2328 857 2368 se
877 2309 987 2368 meritis
1008 2306 1113 2378 addat,
1135 2321 1165 2364 et

140 2419 226 2477 opem
245 2400 277 2457 in
297 2400 490 2480 expugnando
504 2403 613 2459 vellere
627 2420 716 2459 aureo
731 2399 880 2459 serendam
901 2413 980 2471 orat,
1002 2405 1100 2468 Meli·
1117 2397 1164 2456 ad

140 2493 200 2551 baec
218 2493 260 2551 ita
279 2494 435 2572 respondet
449 2494 608 2573 singultans
622 2495 720 2573 virgo,
735 2494 864 2573 deosque
880 2508 910 2552 et
924 2494 1018 2552 sidera
1037 2492 1166 2551 obtesta-

141 2597 182 2656 ta,
197 2598 246 2657 ut,
262 2606 327 2663 quae
342 2586 433 2664 ipsius
448 2606 535 2647 causa
554 2602 584 2647 et
603 2601 718 2665 patrem
739 2602 770 2647 et
788 2589 914 2666 patriam
928 2600 958 2647 et
975 2602 1089 2665 sceptra
1103 2586 1166 2643 reli-

139 2679 273 2756 quisset,
283 2679 310 2737 ei
325 2679 413 2739 fidem
432 2700 546 2741 seruare
560 2682 630 2741 velit
643 2687 751 2753 Iason,
769 2682 872 2750 tab-53.
887 2686 964 2740 Turn
985 2681 1022 2739 ad
1040 2678 1164 2738 interio-

138 2791 198 2830 rem
209 2772 307 2830 lucum
319 2770 405 2831 ambo
417 2775 575 2852 progressi3
585 2786 623 2845 et,
635 2774 762 2832 dracone
777 2786 945 2851 conspecto,
958 2777 1045 2831 Iason
1058 2770 1166 2830 cobor-

138 2863 239 2936 rescit,
256 2862 304 2921 cui
317 2884 406 2941 quum
420 2866 569 2943 optionem
583 2865 707 2925 dedisset
718 2866 840 2938 Medea,
856 2879 955 2925 utrum
970 2866 1033 2943 ipse
1049 2884 1116 2923 enm
1129 2883 1165 2922 eo
1222 2893 1226 2899 .

137 2969 283 3014 certamen
302 2956 389 3029 inire,
411 2976 448 3015 an
468 2978 570 3016 somno
591 2958 726 3017 eumdem
744 2960 837 3037 mergi
851 2959 954 3029 vellet,
976 2958 1119 3035 posterius
1135 2977 1165 3015 se

138 3048 223 3106 malle
237 3047 360 3105 tacendo
376 3050 507 3127 profiteri
522 3049 651 3121 videtur,
677 3051 781 3122 54-67.
802 3056 898 3110 Deum
916 3052 1005 3129 igitur
1025 3055 1165 3110 Somnum

137 3138 242 3198 Medea
255 3139 406 3217 implorat,
423 3153 471 3213 ut,
486 3140 628 3219 quidquid
642 3141 747 3199 virium
761 3142 869 3201 habeat
881 3142 1121 3219 soporiferarum,
1135 3142 1165 3198 iu

138 3250 226 3289 unum
241 3231 373 3289 conferat
386 3231 559 3304 draconem;
571 3253 625 3291 nec
639 3234 702 3312 ipsa
717 3233 814 3307 deses,
829 3234 881 3293 diu
892 3233 1089 3293 obluctantem
1104 3254 1166 3292 ser-

137 3338 254 3402 pentem
268 3324 394 3381 carmine
408 3338 437 3383 et
451 3324 561 3383 artibus
575 3327 692 3405 magicis
704 3328 735 3383 iu
747 3346 881 3384 somnum
891 3325 942 3384 dat
952 3325 1166 3405 dormientique

137 3416 210 3475 adeo
232 3415 343 3489 illudit,
365 3418 491 3485 rsa-roa.
514 3424 578 3477 Iam
603 3438 674 3477 vero
691 3425 834 3487 ¹Iasonem
855 3419 1045 3490 cohortatur,
1071 3434 1103 3477 ut
1128 3420 1165 3478 ad

136 3511 229 3568 vellus
249 3508 438 3569 auferendum
458 3511 593 3569 arborem
613 3512 803 3584 conscendat,
822 3514 944 3589 ipsoque
965 3507 1092 3570 dracoue
1110 3533 1165 3590 pro

136 3599 214 3658 scala
231 3610 338 3657 utatur.
360 3602 407 3659 Sic
425 3602 513 3679 Igitur
534 3603 603 3661 lacit
620 3604 750 3680 juvenis,
766 3605 858 3663 vellus
873 3605 960 3662 ramis
974 3605 1106 3682 expedit,
1119 3621 1164 3677 et,

136 3691 186 3769 qui
209 3687 343 3750 arborem
367 3706 451 3753 antea
473 3695 703 3755 circumdederat
723 3697 877 3775 splendor,
898 3699 921 3755 is
942 3718 996 3777 per
1016 3718 1163 3778 campum,

137 3803 224 3861 quem
241 3782 394 3843 redeuntes
410 3791 497 3845 Iason
516 3802 545 3846 et
561 3788 664 3846 Medea
680 3802 897 3861 transcurrunt,
913 3788 1054 3847 funditur.
1069 3796 1164 3869 Argo-

137 3888 231 3933 nautae
246 3895 345 3947 ornnes
356 3882 494 3957 Argoque
508 3880 570 3964 ipsa
583 3879 700 3938 obviam
716 3881 847 3953 veniunt,
863 3883 910 3939 cui
924 3882 1077 3939 immittere
1092 3902 1166 3959 prae·

141 3966 206 4025 dam
220 3981 358 4047 properat
369 3975 473 4041 Iason,
496 3970 600 4029 deinde
615 3972 719 4029 Medea
735 3976 840 4031 comite
855 3974 959 4044 insilit,
977 3987 1006 4031 et
1021 3974 1107 4031 armis
1123 3975 1164 4029 in-

141 4058 227 4118 dutus
239 4060 332 4121 adstat
345 4063 381 4121 ad
396 4083 426 4121 se
440 4082 548 4141 suaque
561 4064 743 4123 defendenda
757 4080 888 4144 paratus,
903 4067 1037 4124 rob-133.
1051 4072 1166 4126 Interea

142 4152 214 4228 rapti
228 4153 341 4213 vellens
361 4173 462 4213 rumor
485 4156 522 4214 ad
544 4156 645 4215 urbem
667 4155 812 4234 pervenit,
831 4160 936 4217 Medea
955 4179 1096 4236 nusquam
1116 4160 1165 4215 in-
