2859 4975
290 393 356 468 416
607 443 611 451 .
645 391 979 492 :ca'rnLnGtts

333 517 438 602 Atque
452 514 525 580 haec
540 513 582 576 de
595 505 805 580 nobilissimis
819 515 936 580 Grtecae
951 515 1131 596 juventutis
1145 515 1351 604 principibus,

287 643 371 708 quos
387 621 422 682 in
439 619 570 684 turbam
583 635 617 682 et
631 618 774 684 indicem
789 620 950 699 conjicere
965 621 1074 702 nolui,
1090 619 1148 684 sed
1163 621 1273 684 locum
1285 645 1353 710 pro·

235 781 238 788 .
284 725 396 814 prium
411 723 488 793 darc
505 741 539 788 et
551 723 784 812 conspicuum,
803 741 841 788 ut
856 726 915 813 qui
929 727 991 790 hac
1006 713 1162 790 doctrinae
1177 742 1268 812 parte
1280 726 1354 790 dele·

288 847 410 911 utatur,
438 847 472 893 et
488 845 592 917 poetae
608 830 732 911 nostri,
759 847 816 896 aut
840 832 972 896 alterius
994 831 1205 920 Argonautiei
1223 833 1354 896 lectione

287 937 443 1025 capiatur,
459 935 494 997 in
509 951 667 1024 promptu
681 934 798 1000 habeat
814 937 955 1000 Lexicon
975 936 1068 1024 quasi
1084 937 1353 1024 Argonauticum,

288 1064 356 1128 quo
374 1056 536 1120 recurrat,
553 1057 586 1104 et
601 1042 767 1105 memorie
781 1041 965 1106 subsidium
981 1058 1079 1130 petat.
1099 1041 1269 1112 Indicibns
1287 1044 1353 1106 reli·

288 1147 361 1234 quis
380 1147 575 1235 praemittere
598 1148 689 1235 prius
710 1148 840 1212 animus
864 1149 1002 1231 tulerat,
1021 1147 1078 1212 sed
1102 1147 1304 1230 metuebam,
1320 1165 1353 1212 ut

189 1274 199 1283 ³
288 1254 410 1317 multos
426 1253 581 1334 lectores,
602 1254 659 1340 qui
679 1255 796 1342 saepius
814 1255 1056 1342 praefationibus
1073 1270 1106 1318 et
1121 1254 1352 1343 prolegomenis

288 1358 456 1446 perlectis,
475 1358 612 1438 abjicere
627 1359 734 1423 solent
745 1359 865 1440 libros,
882 1361 1028 1424 later‘ent.
1046 1359 1095 1422 De
1107 1360 1184 1446 ipsis
1197 1358 1351 1422 indicibus

288 1465 385 1529 etiarn
405 1464 625 1530 monarchae
647 1465 682 1527 in
705 1465 894 1552 praefatione
917 1465 1059 1554 neglexi,
1083 1466 1171 1547 illos,
1193 1481 1231 1529 ut
1247 1488 1350 1552 spero,

289 1594 366 1634 eura
384 1569 506 1650 majore
528 1585 561 1634 et
571 1569 746 1658 diligentia
763 1593 831 1634 esse
849 1571 1035 1651 confectos,
1059 1593 1157 1657 quam
1174 1571 1274 1660 rulgo
1291 1570 1350 1634 fieri

288 1677 392 1741 solet:
410 1676 480 1740 haec
496 1676 584 1738 enirn
599 1676 853 1763 provincialerc
871 1676 1110 1740 correctoribus
1123 1692 1181 1746 aut
1194 1699 1349 1740 mercena-

288 1782 344 1846 riis
366 1782 475 1870 operis
494 1779 645 1844 mandari
658 1781 755 1855 solet,
774 1781 851 1868 quia
871 1779 1010 1845 credunt
1031 1781 1152 1845 librarii
1174 1797 1207 1844 et
1228 1781 1349 1871 plurimi

288 1889 358 1970 alii,
384 1888 466 1951 nihil
480 1887 606 1951 facilius
621 1909 707 1968 esse,
733 1909 840 1975 neque
862 1889 986 1977 magnis
1003 1887 1198 1951 eruditionis
1217 1905 1275 1951 aut
1293 1911 1351 1951 ser·

288 1994 396 2060 monis
419 1993 509 2057 latini
533 1994 642 2081 copiis.
660 1994 859 2058 instructum
883 2017 952 2058 esse
972 1993 1111 2078 debere,
1133 1995 1191 2082 qui
1211 1994 1351 2058 adhunc

200 2100 202 2103 ’
288 2099 544 2189 ingratissimum
567 2098 714 2162 laborem
739 2099 934 2163 detruditur.
959 2099 1022 2168 Sed
1046 2115 1083 2163 et
1100 2100 1191 2164 hunc
1217 2122 1348 2180 errorem

244 2213 248 2217 ’
287 2207 453 2295 vulgarem
475 2226 562 2285 esse,
586 2205 639 2268 vel
665 2204 754 2268 solus
780 2205 897 2268 docere
921 2205 1041 2292 poterit
1055 2205 1209 2268 *Alardus
1232 2221 1350 2284 noster,

287 2335 386 2400 quem
409 2311 551 2375 vidimus
576 2333 616 2374 ex
639 2310 772 2400 propria
798 2334 888 2399 penu
912 2311 994 2376 nihil
1020 2312 1087 2375 fere
1111 2311 1274 2376 adducere
1299 2335 1352 2398 po·

287 2414 387 2480 tuis'se
412 2415 454 2480 ad
478 2432 583 2505 poetae
612 2433 731 2483 nostrae
750 2415 850 2480 decus
871 2433 928 2481 aut
954 2418 1079 2501 lucem;
1108 2439 1176 2481 non
1196 2419 1350 2482 utiliorem

287 2548 419 2612 operam
435 2524 470 2586 in
490 2522 653 2587 indicibus
677 2522 875 2588 consuendis
896 2525 1022 2612 posuit,
1040 2548 1144 2613 quum
1165 2548 1233 2589 non
1252 2524 1350 2589 ¹dicam

288 2628 491 2718 negligentiae
509 2627 614 2719 (cujus
629 2652 747 2718 magna
761 2652 834 2717 pars
852 2626 1093 2719 typographicis
1117 2632 1225 2719 operis
1253 2648 1351 2695 trans·

287 2735 384 2799 scribi
398 2734 521 2823 posset)
533 2751 600 2801 tam
615 2734 729 2798 crebra
745 2734 942 2799 documenta
959 2730 1097 2820 dederit,
1107 2736 1164 2801 sed
1182 2736 1352 2802 inscientiae

286 2857 319 2904 et
336 2841 538 2904 crassissimae
554 2840 751 2929 stupiditatis
775 2840 894 2905 indicia
921 2836 1125 2925 exhibuerit,
1143 2857 1181 2906 ut
1202 2844 1351 2927 nesciam,

287 2970 350 3035 qua
371 2947 481 3010 fronte
496 2946 546 3009 vir
565 2970 606 3033 27
621 2968 725 3009 annos
743 2963 856 3030 natus,
871 2971 969 3011 ansus
983 2948 1192 3018 fuerittalem
1206 2951 1351 3015 abortum

286 3052 423 3147 publicae
445 3052 511 3115 luci
534 3074 709 3139 exponere.
730 3050 779 3115 De
801 3052 946 3135 mendis,
968 3054 1002 3117 in
1032 3077 1248 3119 numerorum
1274 3057 1352 3121 notis

285 3158 504 3239 haerentibus,
528 3179 595 3219 non
614 3179 707 3247 agam
728 3158 881 3245 operose,
901 3160 977 3223 licet
990 3176 1040 3223 tot
1056 3184 1094 3224 ac
1108 3174 1205 3225 tantae
1219 3162 1302 3243 sint,
1320 3178 1353 3224 ut

288 3266 375 3328 nulla
395 3264 437 3327 sit
459 3264 600 3352 pagella,
619 3286 691 3351 quoe
710 3286 778 3327 non
802 3262 941 3328 sufficiat
963 3246 1129 3357 litigando
1150 3269 1284 3351 lectori,
1302 3269 1352 3357 qui

286 3371 406 3433 frustra
413 3370 511 3433 verba
523 3365 664 3432 adducta
675 3368 708 3430 in
721 3385 824 3457 poetae
837 3368 1006 3459 designato
1019 3372 1102 3436 libro
1116 3389 1148 3436 et
1159 3396 1255 3438 versu
1270 3398 1351 3463 quae·

285 3493 352 3557 ret,
369 3477 413 3539 ita
433 3491 472 3537 ut
494 3472 592 3537 index
613 3474 769 3537 falsorum
785 3498 999 3541 numerorum
1014 3478 1089 3543 satis
1101 3481 1228 3569 amplus
1243 3480 1351 3545 confici

285 3598 404 3671 posset.
424 3579 488 3644 Sed
505 3580 697 3669 ignorantiae
719 3597 752 3644 et
772 3582 865 3646 latini
883 3585 1061 3667 sermonis,
1085 3601 1117 3649 et
1130 3586 1281 3674 inprimis
1295 3610 1351 3650 me

284 3689 371 3752 tricae
388 3686 574 3775 disciplinae,
586 3686 756 3775 imperitiae
770 3688 944 3775 specimina
956 3684 1056 3780 longo
1069 3691 1186 3756 ordine
1198 3692 1350 3757 recenseri

284 3811 436 3886 possent,
457 3816 529 3881 quae
547 3795 692 3881 patronis
706 3786 884 3858 Alardianoe
900 3796 1067 3862 industriae
1082 3815 1115 3863 et
1131 3798 1290 3864 doctrinae
1303 3824 1350 3863 ru·

284 3903 399 3965 horem
424 3916 559 3989 possent
583 3900 741 3964 incutere.
768 3901 836 3965 Nos
856 3904 968 3989 paucis
990 3906 1138 3969 contenti
1161 3906 1299 3987 crimus,
1315 3928 1349 3968 ne

284 4004 453 4069 calumniae
479 4004 571 4066 locus
596 4003 808 4091 relinquatur.
832 4006 884 4070 sic
909 4007 1028 4095 legitur
1051 4008 1086 4071 in
1106 4009 1220 4101 indice
1243 4010 1346 4099 Capri,

241 4156 244 4162 ·
284 4114 382 4191 Vlll,
399 4109 429 4191 5,
445 4109 504 4195 893
527 4111 618 4196 atqui
642 4126 761 4174 neutro
784 4111 858 4175 loco
878 4111 912 4176 id
933 4115 1092 4202 occurrit,
1109 4115 1166 4179 sed
1188 4117 1287 4203 priori
1307 4132 1349 4179 est
