2859 4975
316 400 379 509 76'
441 428 489 489 in
521 429 607 491 mn.
631 427 830 492 sexrnn
859 428 1246 495 Ancontnrrcon

315 533 440 605 abruptus
455 554 558 598 sermo;
573 538 685 591 subaudi
703 544 823 593 occidam.
833 572 869 581 -
882 546 994 595 amitere
1011 562 1049 594 me
1066 546 1160 595 reddite
1172 547 1259 612 fratri.
1282 547 1382 599 Confer

315 615 387 687 Vir-g.
400 621 459 669 AEn.
471 618 513 681 X,
531 624 600 672 600:
618 637 642 672 et
649 624 756 691 [ranem
775 645 807 674 ue
828 629 912 676 desere
922 628 1015 693 frater.

455 838 561 903 laguine
574 838 710 906 unissime
723 841 786 890 clari
800 842 927 891 Taulantis
941 844 1055 893 alumnus

454 921 565 971 Scintilea
572 921 689 987 genitrice
701 926 795 989 Tages,
806 923 846 973 cui
853 924 960 990 plnrtina
968 926 1034 975 si'lois

455 1004 585 1068 pervigilat
594 1016 707 1054 materna
720 1022 796 1064 soror,
812 1009 939 1073 ruinisque
952 1010 1058 1059 laborat.

350 750 383 800 V.
400 770 458 804 2²1.
465 787 788 807 ...................
794 759 862 807 cudit
874 759 976 827 impiger
984 778 1035 809 una

264 1136 267 1143 ⁴
315 1117 405 1183 «Quis
418 1118 461 1171 hic
471 1119 556 1191 Tages
572 1120 618 1185 sit,
636 1120 731 1173 lubens
748 1121 833 1174 fateor
851 1140 893 1175 me
912 1122 1044 1193 ignorare.
1058 1123 1148 1194 Tagen
1168 1125 1245 1191 nori,
1263 1126 1380 1181 Etrusca

313 1200 457 1274 disciplina
466 1219 612 1268 auctorem,
621 1222 652 1257 ex
665 1204 793 1257 Cicerone
803 1203 837 1256 de
847 1206 1047 1270 Divinitate,11,
1059 1208 1100 1261 ²3.
1109 1207 1283 1279 Tyrrhenum
1292 1220 1381 1263 vatem
1420 1207 1421 1234 ¹

315 1282 482 1351 Columella,
495 1288 535 1353 X,
553 1288 619 1352 345,
637 1288 684 1341 ubi
699 1287 753 1341 vid.
772 1288 923 1343 Schneider.
938 1289 966 1341 in
979 1288 1071 1343 Indico
1088 1290 1124 1343 ad
1141 1291 1234 1361 script.
1248 1293 1295 1345 Rei
1313 1307 1379 1347 rust.

207 1374 212 1387 ’
315 1367 341 1418 h.
357 1387 383 1429 v.
399 1369 450 1423 Sed
464 1369 528 1441 quid
543 1371 683 1443 Tyrrheno
701 1391 762 1425 cum
780 1371 901 1445 Scythis?
913 1372 990 1425 Plura
1004 1374 1112 1427 omnino
1125 1375 1225 1429 ducum
1239 1376 1379 1447 Scythico·

314 1471 374 1505 rum
389 1454 441 1507 hoc
460 1456 486 1506 in
501 1455 592 1527 pralio
611 1454 803 1510 decertantium
821 1457 929 1509 nomina
946 1456 1048 1510 effinxit
1058 1458 1197 1523 Valerius,
1210 1471 1236 1511 et
1252 1462 1380 1513 notabilia

315 1536 348 1591 de
364 1538 395 1589 iis
414 1539 545 1607 narravit,
562 1560 619 1613 quac
636 1541 679 1594 vel
696 1542 753 1613 ipse
774 1540 946 1612 excogitavit,
965 1541 1007 1593 vel
1027 1561 1042 1594 e
1063 1542 1180 1595 lontibus
1200 1543 1290 1595 hausit
1308 1563 1380 1597 nunc
1421 1541 1422 1550 ¹

251 1636 253 1645 ⁴
314 1620 465 1695 deperditis.
485 1625 540 1679 Nec
555 1625 714 1679 'l'aulantem
731 1626 810 1688 novi,
832 1641 986 1697 quanquam
1002 1626 1154 1693 Taulantii,
1171 1626 1189 1679 i.
1209 1645 1232 1679 e.
1258 1626 1346 1699 Illyrii
1366 1649 1379 1680 a

312 1707 456 1773 Taulante‚
467 1708 551 1781 Illyrii
569 1709 644 1773 lilio,
661 1711 730 1763 bene
744 1710 801 1763 noti
817 1720 896 1762 snut:
910 1726 961 1761 nec
978 1710 1079 1781 magis,
1094 1709 1168 1781 quod
1177 1715 1294 1780 genim'ci
1306 1718 1379 1764 senu-
1422 1767 1423 1802 p

314 1793 368 1840 deoe
381 1808 479 1843 nomeu
491 1791 587 1858 inerit,
600 1791 687 1845 dicere
699 1792 793 1846 habeo.
812 1823 847 1832 -
861 1793 927 1857 Ques
941 1804 1098 1864 sequuntur,
1109 1814 1134 1849 v.
1146 1795 1212 1847 2²3:
1225 1798 1379 1864 euiplun'ma

313 1876 378 1926 silvis
392 1876 524 1942 pervigilat
535 1888 646 1927 materna
665 1894 743 1936 soror,
762 1880 888 1943 cultrtsque
908 1880 1019 1938 laborat,
1033 1896 1088 1931 uon
1107 1878 1203 1931 minori
1220 1891 1380 1950 premuntur

312 1957 489 2022 obscuritate,
502 1977 584 2030 quam
596 1971 625 2012 ut
635 1971 799 2022 removeret,
810 1959 846 2011 ita
857 1957 946 2011 locum
955 1960 1058 2013 refinxit
1071 1960 1209 2015 Heinsius:
1223 1965 1265 2013 coi
1272 1966 1380 2030 plotina

312 2044 364 2094 telis
370 2044 501 2111 pervigilat
513 2056 634 2095 noemma
646 2062 723 2095 soror.
737 2042 876 2114 Ingeniose
889 2041 997 2114 quidem
1010 2043 1190 2113 (ingeniosius
1204 2043 1292 2107 adeo,
1305 2045 1379 2116 qnod

314 2126 426 2179 amiciss.
446 2126 574 2179 Miillerus
594 2146 641 2180 sno
663 2118 808 2197 exemplari
824 2126 1018 2199 adscripscrat,
1030 2128 1122 2196 filis),
1146 2138 1175 2179 ut
1194 2128 1279 2181 multa
1299 2128 1379 2200 htq'us

312 2223 452 2281 poetarum
463 2211 625 2281 sospitatoris
640 2212 743 2275 eximii,
756 2222 782 2264 et
795 2211 829 2265 nd
842 2211 1042 2283 intelligendum
1060 2211 1176 2277 facilius,
1191 2211 1237 2264 sed
1251 2210 1380 2266 audacius

310 2296 391 2365 justo.
403 2294 495 2345 Rarior
507 2294 665 2366 estquidam
678 2295 701 2346 is
713 2296 784 2347 silva
795 2313 875 2359 usus,
887 2307 917 2347 nt
931 2293 966 2347 de
979 2294 1086 2366 singulis
1098 2296 1223 2348 arborum
1238 2296 1379 2366 generibus

312 2396 456 2450 earumque
468 2378 640 2449 proventibus
652 2376 772 2441 dicatnr;
785 2376 846 2431 vide
855 2377 1053 2433 Brouklrusinm
1065 2377 1100 2431 ad
1112 2378 1234 2450 Propert.
1247 2379 1280 2443 Ι,
1295 2385 1345 2442 14,
1354 2379 1378 2438 5,

313 2473 339 2515 et
358 2460 468 2514 Gesner.
478 2461 559 2515 Thes.
572 2461 600 2516 h.
614 2480 640 2515 v.
660 2461 757 2516 Similis
772 2460 839 2516 adeo
859 2461 933 2516 locus
951 2473 989 2516 est
1001 2461 1091 2516 Nostri
1105 2461 1192 2529 infra,
1211 2481 1237 2515 v.
1251 2465 1318 2530 699,
1331 2462 1378 2516 uhi

312 2545 435 2598 Heinsius
449 2544 540 2598 itidem
558 2551 644 2606 telana,
654 2544 701 2599 sed
719 2547 776 2598 sine
792 2564 890 2612 causa,
907 2545 1032 2616 reposuit.
1045 2544 1131 2612 Vide,
1144 2563 1203 2615 qua
1217 2546 1254 2598 ibi
1272 2546 1378 2598 notavi·

312 2649 379 2682 mus.
395 2635 522 2681 Nocturna
536 2648 631 2702 porro,
649 2648 730 2700 quam
744 2630 845 2682 mavult
857 2629 993 2692 Heinsius,
1012 2649 1089 2690 soror,
1106 2629 1143 2681 ita
1164 2627 1277 2693 sedula,
1300 2641 1331 2680 ut
1349 2629 1378 2680 iu

312 2712 452 2765 matronali
464 2731 544 2784 opere
560 2732 661 2784 pernox
674 2713 741 2766 adeo
755 2713 805 2780 sit,
820 2713 923 2785 placet,
938 2714 1034 2776 fateor,
1050 2724 1077 2765 et
1091 2712 1128 2765 sic
1142 2731 1209 2783 sepe
1222 2713 1338 2766 occurrit
1350 2713 1378 2764 in

311 2795 436 2850 laudibus
454 2796 631 2864 feminarum,
645 2795 691 2860 sed
706 2815 761 2848 non
780 2795 847 2849 adeo
860 2796 1004 2850 necessaria
1021 2795 1151 2858 mutatio,
1162 2807 1189 2848 et
1202 2799 1282 2847 rocas
1293 2796 1378 2848 notio·

312 2894 373 2927 nem
389 2877 500 2948 jamjam
517 2874 627 2928 involvit
646 2880 673 2930 cl
683 2879 826 2944 pervigilat.
841 2876 1010 2928 Burmannus
1026 2875 1055 2927 in
1069 2877 1134 2927 silvis
1153 2873 1262 2928 fortasse
1277 2894 1378 2927 nomen

311 2959 420 3030 aliquod
430 2959 567 3030 proprium
580 2958 660 3012 latere
671 2959 786 3032 conjicit.
799 2960 855 3029 Ego
866 2977 929 3012 vero
943 2970 1027 3010 totum
1037 2958 1125 3010 locum
1138 2957 1308 3010 immutatum
1318 2959 1379 3011 reli·

215 3055 219 3068 ¹
311 3044 430 3116 querim,
445 3043 588 3114 malimque
598 3079 606 3106 ,
618 3053 648 3094 ut
660 3043 751 3095 verbis
762 3055 823 3096 utar
833 3041 943 3095 Dorvilii
955 3041 989 3096 ad
1001 3040 1187 3102 ouationem,
1205 3059 1231 3111 p.
1246 3046 1315 3104 410,
1332 3041 1377 3095 ed.

310 3127 382 3198 Lips.
394 3152 406 3172 α
417 3125 568 3178 lutricatius
582 3125 766 3198 interpretari,
776 3145 856 3198 quam
867 3124 1008 3179 emendare
1016 3125 1069 3187 ita,
1080 3136 1110 3177 ut
1120 3124 1199 3177 etiam
1209 3121 1379 3178 difficultates

309 3221 460 3264 remaneant
474 3235 494 3262 ι.
508 3210 598 3274 Quum
620 3211 700 3281 igitur
721 3223 798 3281 poeta
811 3209 905 3280 Tageti
927 3222 1038 3260 matrem
1062 3206 1107 3260 det
1126 3210 1257 3259 semideam
1279 3210 1379 3282 (Nym

309 3294 408 3366 piram)
420 3311 494 3346 soror
503 3296 557 3365 ejus
571 3305 596 3347 et
609 3294 665 3366 ipsa
676 3295 735 3347 talis
750 3294 830 3346 luisse
842 3291 975 3346 credenda
986 3304 1024 3344 est
1033 3293 1045 3359 (
1053 3291 1180 3363 Dryasi).
1190 3290 1276 3343 Possit
1287 3292 1378 3364 itaque

310 3382 388 3439 silvis,
403 3379 421 3430 i.
439 3397 465 3448 q.
481 3381 506 3428 in
518 3381 583 3432 silvis
596 3396 669 3444 esse,
688 3395 805 3448 namque
822 3375 1019 3447 prepositiones
1034 3375 1129 3428 crebro
1149 3373 1271 3426 omittere
1293 3375 1379 3445 poetis

310 3462 418 3516 solenne
427 3463 536 3526 est,rel
550 3465 616 3514 silvie
629 3461 656 3512 h.
674 3462 693 3513 l.
706 3460 742 3512 de
756 3459 863 3512 materia
879 3459 913 3512 ad
925 3458 1066 3512 texendum
1083 3458 1110 3510 in
1127 3457 1201 3512 silvis
1216 3457 1377 3520 obvia,lino

310 3547 448 3620 inprimis,
460 3544 533 3617 quod
541 3543 652 3598 suadere
663 3543 798 3615 sequentia
809 3545 938 3596 candentis
951 3545 1057 3594 cadosa
1066 3543 1112 3593 lini
1120 3539 1261 3607 videntur,
1278 3540 1376 3592 intelli-

309 3631 409 3703 genda.
421 3632 504 3683 Totus
521 3630 610 3700 itaque
623 3627 674 3680 loci
694 3645 785 3680 seusus
804 3647 864 3680 mco
883 3627 1069 3700 qualicumque
1083 3623 1184 3696 judicio
1199 3623 1243 3676 hic
1261 3635 1318 3676 est:
1337 3628 1378 3674 cui

303 3717 425 3784 plurima,
445 3711 549 3766 assidue
567 3724 592 3764 et
609 3710 758 3782 diligenter,
775 3714 854 3772 silvis,
869 3711 897 3762 in
916 3710 1005 3774 silvis,
1024 3709 1067 3763 vel
1085 3708 1156 3772 lino,
1170 3707 1308 3779 bombyoi,
1326 3719 1376 3761 etc.

305 3801 443 3866 pervigilat,
455 3815 554 3868 pernox
562 3811 671 3866 operam
681 3794 799 3859 dederat,
810 3810 924 3846 materna
932 3815 1011 3858 soror,
1022 3804 1176 3856 matertera,
1187 3809 1245 3864 quae
1253 3809 1376 3844 sororum

309 3883 369 3936 liliis
382 3883 459 3934 etiam
481 3898 552 3931 nunc
568 3879 596 3930 in
614 3878 711 3930 amoris
725 3878 829 3950 signum
842 3897 893 3931 acu
906 3877 1007 3932 tunicas
1024 3876 1132 3949 pingere
1145 3874 1238 3927 solent.
1254 3872 1309 3928 Sed
1320 3873 1376 3926 haec

310 3968 397 4020 omnin
413 3965 505 4036 scripsi
516 3961 692 4017 timidiuscule
702 3989 724 4016 ιι.
738 3963 780 4016 sic
789 3963 952 4033 Wagnerns.

345 4104 377 4152 V.
392 4103 449 4152 228.
460 4107 564 4165 Jamque
575 4118 649 4150 riorus
659 4098 891 4168 medice‘stnpcfncta
898 4115 945 4164 per
953 4099 1055 4164 agroino
1063 4113 1155 4162 ‘origiue

462 4185 537 4234 Vadit
549 4203 630 4252 eques.
1108 4176 1112 4183 ’
