2859 4975
303 443 429 530 N‚0V1
458 445 706 510 EDlTORlS
738 443 897 508 NOTAE.
1071 437 1130 502 153

76 586 87 606 a
95 560 159 614 Setis
172 557 344 628 magniloqua
362 558 389 609 in
406 557 448 610 his
462 567 501 610 est
513 556 606 620 Circe,
621 556 705 628 inquit
715 556 888 628 Wagnerus:
901 549 1050 624 Mythologi
1062 549 1133 602 enim

75 644 162 696 Picum
174 642 210 693 ab
223 659 253 694 ea
266 653 376 694 namant
387 639 537 693 adamatum
550 639 675 711 quidem,
688 637 734 692 sed
744 675 752 702 ,
762 637 836 712 qnod
846 637 931 710 ipsam
942 652 997 707 pras
1007 633 1133 708 Nympha

75 726 185 778 Canente
198 724 339 795 spreverit,
352 723 412 776 ideo
425 723 454 775 in
465 741 543 777 avem
550 721 631 795 hujus
643 721 758 774 nominis
768 740 825 774 esse
837 731 985 785 mutam,
997 717 1037 770 nti
1050 717 1134 770 fusius

75 805 177 859 tradidit
191 804 319 872 Ovidius,
333 812 440 859 Metam.
452 806 528 869 XIV,
542 805 593 859 333
605 824 643 877 sq.
655 805 761 858 brevius
771 804 913 876 Virgilius,
923 806 985 857 AEn.
997 802 1059 862 VII,
1073 803 1133 868 189,

76 890 119 942 nbi
129 888 187 942 vide
199 889 308 944 Excurs.
326 889 536 962 Heynii,p.113
551 901 576 943 et
593 897 650 954 141.
664 889 719 942 Nee
734 888 818 960 magis
830 905 891 940 vere
900 885 982 941 Tusci
993 885 1073 938 maris
1086 883 1135 937 do-

75 974 169 1024 minam
182 990 212 1025 ee
223 973 319 1044 jactat,
328 979 403 1038 cujus
415 973 556 1044 imperium
571 991 651 1046 parva
663 973 749 1026 insula
761 972 948 1027 contineretur.
958 997 972 1018 ι
983 1001 1018 1014 -
1028 969 1066 1023 Ili
1075 979 1136 1022 saint

77 1056 175 1128 Virgilii
185 1074 279 1110 versus
288 1057 308 1110 l.
320 1057 339 1108 l.
351 1055 385 1108 de
396 1055 458 1109 Pico
469 1057 496 1108 in
508 1074 585 1110 avem
593 1068 711 1110 mutato:

223 1179 302 1235 Heus,
312 1195 399 1240 equum
411 1181 520 1235 domitor,
532 1196 602 1241 quem
613 1189 681 1241 captu
693 1178 805 1243 cupldlne
815 1180 904 1242 conjnx

225 1258 301 1303 Aures
311 1273 445 1318 percussum
456 1258 536 1320 virga,
546 1272 686 1319 versumque
696 1255 804 1310 venenis,

223 1330 288 1377 Fecit
297 1345 362 1377 avem
373 1331 453 1387 Cli-ce,
469 1332 599 1394 sparsitque
612 1331 731 1378 coloribus
742 1331 799 1377 alas.

78 1457 123 1510 llic
137 1475 246 1523 veram,
259 1463 310 1509 Neo
320 1461 541 1529 miltiflommiseris
553 1461 652 1512 lsorrert
664 1462 698 1512 ibi
706 1478 804 1526 pascua
817 1462 904 1519 tauris,
913 1456 1007 1510 alludit
1018 1457 1052 1512 ad
1064 1458 1137 1510 hune

78 1540 179 1612 Virgilii
192 1542 407 1611 locum,Ge012'p
419 1543 457 1606 Π,
471 1549 539 1606 140:

224 1665 278 1709 Haee
290 1664 342 1708 loca
354 1678 402 1710 non
413 1663 475 1708 tauri
486 1662 599 1724 spirantes
610 1663 704 1709 naribus
715 1663 794 1724 ignem

225 1738 350 1784 luvertere.

109 1870 144 1922 V.
156 1869 217 1922 238.
228 1875 283 1921 Non
297 1875 333 1922 ira
346 1891 385 1922 me
399 1876 560 1924 immemorem
573 1892 670 1942 magno·
683 1874 820 1925 Perseidos.
829 1903 864 1914 -
875 1897 888 1920 ι
899 1874 965 1938 Ques
977 1871 1078 1924 Perseis
1087 1871 1139 1932 sit,

77 1953 160 2022 iuquit
173 1953 345 2024 Wagnerus,
360 1955 458 2006 mirum
471 1965 599 2026 quantum
614 1955 764 2026 discrepent
775 1955 923 2026 Mytliologi
936 1966 962 2008 et
975 1955 1138 2023 interpretes.

78 2034 206 2106 Equidem
226 2037 311 2108 ipsam
331 2038 427 2090 Circen
446 2036 635 2102 intellexerim,
651 2056 690 2092 sc.
709 2037 795 2090 Perse
809 2057 857 2090 sen
879 2035 1016 2090 Perseidos
1035 2035 1138 2098 filiam;

78 2117 135 2170 vide
144 2125 212 2170 Saxe
224 2120 381 2184 Stemmata,
393 2121 461 2173 Tab.
474 2140 498 2187 i,
512 2135 538 2174 et
551 2120 637 2194 lleyu.
651 2119 685 2174 ad
699 2119 900 2192 Apollodorum,
909 2119 975 2171 Tab.
992 2137 1019 2187 9.
1029 2116 1139 2188 Apollo·

79 2199 147 2260 nius,
161 2199 216 2264 ΠΙ,
226 2201 289 2269 478,
300 2200 415 2252 Hecaten
429 2219 486 2252 eum
499 2201 556 2253 vult
567 2193 665 2259 Eadem
677 2199 822 2273 nemeto,
837 2219 899 2271 ergo
909 2199 996 2252 avium
1005 2195 1116 2249 Medeae.
1128 2219 1139 2240 ι
1220 2227 1224 2235 -

79 2312 110 2320 -
128 2287 223 2334 Perseis
245 2295 283 2334 est
297 2283 414 2348 Hecate,
439 2282 482 2335 cui
503 2295 579 2354 pater
599 2283 679 2336 Titan
694 2283 818 2355 qnidam,
835 2282 943 2335 nomine
957 2281 1068 2344 Perses;
1085 2275 1138 2329 vid.

78 2365 196 2436 Apollon.
207 2367 260 2431 111,
272 2368 333 2429 468.
343 2365 470 2420 Eamdem
479 2367 596 2420 Valerius
606 2367 670 2421 alias
680 2367 744 2421 dicit
752 2372 886 2427 Perseiam,
896 2366 946 2430 vl,
954 2364 1005 2430 495
1015 2381 1023 2416 z
1035 2364 1141 2414 residens

78 2451 131 2501 olm
142 2455 239 2501 Hecate
246 2453 345 2502 Perseia
354 2453 422 2504 lueis.
433 2449 531 2505 Medeae
540 2451 649 2507 iurelure
659 2469 757 2505 numen
767 2463 824 2505 erat
833 2451 946 2514 Hecate3
956 2448 1011 2503 vid,
1019 2448 1071 2511 VI,
1081 2453 1140 2516 499·

109 2596 143 2647 V.
161 2602 222 2660 ²4⁴·
246 2600 324 2649 Nulla
337 2601 404 2665 quies
417 2602 514 2659 animo,
534 2603 614 2649 nullus
633 2618 707 2666 sopor
721 2622 730 2650 .·
745 2603 827 2650 ardua
842 2599 946 2648 amanti.
957 2626 991 2636 -
1005 2594 1142 2666 Adelphus

78 2684 175 2729 Drsrean
189 2683 221 2729 de
234 2685 344 2732 Lamalle
356 2680 429 2733 hunc
443 2700 547 2735 versum
557 2682 591 2733 ab
602 2679 659 2753 ipso
669 2681 707 2734 sic
719 2680 904 2745 emendatum,

227 2806 298 2853 Nulla
310 2807 375 2867 quies
386 2806 480 2861 auimo,
491 2808 570 2853 nullus
579 2822 663 2869 sopor:
677 2806 753 2852 arride
764 2807 862 2858 amnti,

77 2932 103 2981 in
117 2943 220 2984 textum
238 2936 343 3004 recepit.
361 2936 438 2987 Nunc
457 2934 572 3006 Adolphi
592 2947 692 2988 textum
708 2935 769 3006 quis
785 2932 958 2988 emendabit?
973 2932 1140 3005 quiquidem

78 3014 142 3076 nisi,
159 3015 310 3069 inconsulto
325 3018 439 3083 Smetio,
463 3016 620 3071 emendandi
643 3016 749 3070 libidini
766 3017 934 3082 indulsisset,
950 3036 1004 3069 non
1023 3018 1142 3089 profecto

78 3102 177 3177 duplici
187 3106 285 3161 mendo
297 3101 308 3180 (
319 3102 415 3159 arride
423 3122 479 3177 pru
494 3100 608 3172 arride,
621 3102 728 3159 {menti
734 3123 793 3177 pro
805 3100 932 3180 iumenti)
946 3120 1044 3162 texurm
1057 3107 1142 3177 inqui·

79 3202 202 3243 nevisset.

114 3332 147 3382 V.
158 3337 316 3387 262.Aa12m
329 3356 410 3388 omnes
423 3356 483 3405 quos
498 3340 589 3389 detinet
601 3341 681 3389 insula
694 3352 793 3389 muros,
807 3368 842 3378 -
855 3338 933 3390 Circe
945 3347 1040 3389 nautae
1052 3350 1143 3386 omnes

82 3412 114 3464 ad
127 3433 185 3468 eam
198 3420 321 3489 appulsos
334 3420 363 3471 in
374 3420 447 3473 veria
459 3433 577 3473 monstra
587 3432 757 3474 converterat.
771 3420 867 3492 Virgil.
878 3422 939 3473 AEn.
951 3420 1072 3486 V11,19:

229 3542 295 3599 Quos
306 3542 426 3589 hominnm
437 3558 465 3589 ex
478 3542 538 3590 iacie
549 3545 592 3593 dea
604 3561 662 3591 sueva
674 3546 811 3607 potentibus
820 3546 900 3591 herbis

228 3616 340 3663 induerat
350 3618 419 3665 Circe
432 3618 457 3664 ln
468 3618 546 3664 vultus
557 3634 584 3665 ac
595 3629 660 3680 terga
671 3619 781 3666 serarum.

87 3737 150 3791 Vide
164 3760 267 3815 qnoque
280 3744 442 3810 Homerum,
458 3745 554 3817 Odyss.
567 3746 609 3810 X;
619 3748 742 3817 Apollon.
758 3748 807 3799 1V.

119 3900 151 3951 V.
167 3904 223 3973 ²76.
232 3908 259 3954 Si
272 3909 366 3971 Pelopis
376 3909 449 3957 dssres
458 3909 529 3974 prior
539 3910 708 3975 Hippodamia
723 3913 818 3961 labores

230 3990 363 4053 Enpediit,
377 4002 459 4055 totque
472 4008 517 4039 ora
529 3991 725 4059 simuljugulata
734 4012 866 4057 procorum

231 4070 367 4137 Respiciens
376 4110 383 4131 ,
392 4075 490 4123 taudem
497 4077 592 4142 patrios
603 4076 730 4123 exhorruit
738 4094 798 4125 ares
808 4097 817 4133 ,·

231 4155 258 4200 Si
270 4155 338 4203 dedit
351 4157 405 4221 ipsa
415 4158 469 4205 neci
474 4157 580 4221 fratrem
594 4160 689 4207 Minoia
699 4160 779 4225 virgo.
