2859 4975
219 391 222 402 ’
281 407 345 470 sse
662 403 971 469 caranoous

279 539 349 602 Val.
366 538 451 601 Flac.
463 560 509 599 vs.
529 533 689 616 1153vide
706 557 802 624 supra
817 537 850 598 in
863 523 1031 622 Autolyco.
1050 537 1128 618 Hic,
1144 551 1183 600 ut
1196 553 1286 601 recte
1303 557 1351 600 su·

277 644 418 732 spicatus
445 655 494 706 est
517 641 715 722 Munlierus,
737 657 890 728 corrupte
913 632 1010 730 apud
1028 640 1193 730 Hyginum
1214 655 1351 705 vocatur

282 749 469 814 Demoleou:
483 769 558 811 nam
577 749 790 836 conjungitur
802 747 956 811 fratribus
972 748 1056 823 suis,
1070 763 1109 811 ut
1125 747 1166 810 ab
1182 745 1252 811 aliis
1272 750 1351 811 scri-

187 851 193 862 ’
278 855 427 943 ptoribus
437 878 445 934 3
456 855 547 918 hunc
558 854 679 936 scriba,
690 877 791 942 quum
804 855 900 917 sciret
910 853 951 918 ab
966 855 1110 918 Homero
1126 853 1350 932 Demoleonta,

280 961 382 1024 lilium
398 960 589 1040 Antenoris,
603 960 786 1035 memorari,
805 982 866 1046 pro
882 960 1028 1024 Deilonte
1043 960 1129 1023 forte
1145 962 1330 1051 supposuit.

325 1169 594 1247 DEUCALION,
608 1184 806 1232 memoratus
824 1170 955 1258 Hygino
971 1185 1004 1234 et
1020 1184 1134 1232 nostro
1150 1171 1271 1234 Poetae.
1287 1171 1353 1257 Hy·

280 1277 414 1366 ginoest
423 1273 542 1338 Minois
554 1290 587 1339 et
596 1273 768 1363 Pasiphaes
779 1274 880 1357 lilius3
890 1292 923 1339 et
936 1289 1023 1339 certe
1035 1276 1121 1339 inter
1132 1274 1214 1338 filios
1230 1276 1352 1340 Minois

272 1405 320 1450 ¹co
331 1381 464 1444 nomine
481 1403 566 1444 unus
580 1395 782 1442 memoratur
792 1380 834 1442 ab
846 1379 994 1467 Apollod.
1007 1380 1063 1442 lib.
1075 1381 1138 1461 lll,
1150 1401 1220 1468 cap.
1239 1403 1271 1462 1,
1284 1386 1303 1462 3
1318 1401 1351 1460 a,

279 1503 313 1550 et
325 1485 553 1566 Diodoro,lih.
565 1485 623 1565 lv,
634 1505 706 1573 pag.
725 1483 804 1565 183,
813 1499 851 1547 et
860 1478 918 1548 hh.
932 1485 973 1564 V,
982 1488 1055 1573 pag.
1068 1484 1216 1567 assuti
1225 1478 1353 1573 patrem

280 1591 448 1656 Idomenei
463 1590 565 1654 fuisse
580 1590 709 1671 scribit3
721 1589 796 1669 vide
811 1590 944 1653 Meursii
961 1591 1087 1654 Cretam
1098 1639 1107 1670 ,
1120 1591 1176 1655 lib.
1190 1593 1256 1667 ΙΙΙ,
1267 1613 1299 1655 c.
1315 1592 1352 1673 33

280 1713 311 1760 et
336 1713 411 1761 aetas
435 1697 510 1760 satis
534 1718 715 1784 congruere
736 1719 798 1783 pro
816 1697 940 1759 ratione
962 1696 1190 1785 chronologica
1214 1698 1352 1785 mythici

264 1803 435 1891 'temporis
452 1817 573 1890 posset.
593 1803 677 1866 Nam
696 1815 729 1865 et
739 1801 885 1864 Theseus
901 1801 979 1865 huic
994 1801 1191 1889 expeditioni
1209 1801 1322 1867 socius
1336 1827 1351 1866 a

280 1907 389 1972 multis
407 1908 557 1988 refertur,
575 1929 672 1996 quem
689 1907 809 1970 Minois
827 1894 919 1969 aetate
933 1906 1048 1970 vixisse
1061 1923 1189 1970 constat
1199 1927 1207 1971 ε
1218 1925 1253 1970 et
1267 1907 1351 1970 iilius

279 2015 503 2094 Deucalionis,
521 2013 733 2093 Idomeneus,
745 2010 887 2090 Trojano
901 2011 987 2075 hello
1004 2012 1168 2094 interfuit,
1185 2035 1265 2076 cum
1285 2015 1352 2076 aliis

280 2119 351 2183 filiis
363 2123 626 2208 Argonautarum
638 2143 646 2198 3
657 2133 765 2182 tamen
779 2119 866 2180 inter
879 2133 1020 2205 quatuor
1030 2119 1254 2198 Deueuhimes,
1270 2141 1352 2207 quos

255 2278 259 2284 .
279 2243 426 2290 recenset
443 2224 550 2289 Schol.
569 2225 721 2312 Apollon.
741 2226 809 2304 111,
827 2221 928 2305 1085,
946 2223 1042 2287 etiarn
1059 2225 1113 2288 ille
1128 2224 1251 2288 Minois
1268 2225 1351 2288 filius

280 2334 408 2422 legitur.
423 2333 499 2394 Fuit
512 2349 545 2394 ct
558 2333 650 2410 alius,
663 2330 798 2396 Abantis
812 2329 915 2410 filius,
926 2331 982 2418 qui
999 2332 1025 2394 si
1039 2331 1122 2394 Abas
1136 2329 1353 2419 Melampodis

283 2438 366 2504 filius
383 2438 497 2520 suerit,
510 2459 548 2501 ex
563 2437 694 2501 Crethei
709 2459 844 2527 genere,
855 2451 888 2499 et
898 2437 1092 2525 cognatione
1102 2437 1227 2502 Iasonis
1239 2438 1353 2501 fuisset

281 2543 484 2622 Demeam,-
505 2542 570 2608 vid.
590 2566 685 2631 supra
702 2544 737 2605 in
758 2543 903 2622 cantum
927 2541 984 2606 sed
1000 2543 1041 2607 de
1059 2544 1124 2607 hoc
1140 2543 1221 2606 nihil
1235 2547 1351 2633 reperi.

282 2652 410 2715 Valerio
424 2672 501 2713 vero
521 2666 649 2730 nostro,
661 2650 717 2714 lib.
733 2652 766 2732 l,
782 2651 863 2731 366,
881 2650 1001 2714 dicitur
1022 2652 1121 2713 frater
1140 2651 1352 2739 Amphionis,

282 2782 319 2822 ex
335 2759 447 2845 Hypso
462 2774 577 2839 matre,
589 2774 620 2821 et
631 2758 810 2845 Hyperesio
821 2757 1105 2846 patremvenisse
1115 2778 1155 2821 ex
1164 2751 1270 2839 Pella,
1280 2758 1352 2822 vide

281 2888 353 2952 quse
369 2865 403 2927 in
418 2866 593 2953 Amphione
608 2865 803 2927 notavimus.
821 2864 863 2927 Et
880 2863 932 2927 ille
947 2863 1031 2926 forte
1047 2863 1125 2942 erit,
1142 2862 1235 2942 cujus
1252 2866 1354 2928 Hella·

237 2960 243 2967 ⁹
282 2973 373 3034 nicus
389 2970 538 3033 meminit
553 2970 640 3057 apud
659 2964 858 3033 Scholiasten
877 2968 1056 3056 Apollonii,
1072 2970 1127 3055 qui
1146 2968 1227 3032 nihil
1240 2966 1285 3034 de
1301 2994 1353 3059 ge·

281 3100 359 3141 nere
390 3089 447 3139 aut
475 3075 577 3162 patria
606 3072 707 3138 addit.
734 3074 812 3137 Pius
836 3072 878 3136 ad
894 3073 1009 3135 Valerii
1038 3072 1060 3137 l.
1085 3074 1106 3136 l
1128 3074 1353 3139 Deucalionem

281 3184 372 3247 hunc
394 3180 564 3245 extrudere
588 3182 736 3260 conatur,
753 3196 785 3242 et
801 3182 959 3242 Asterium
982 3202 1043 3265 pro
1060 3200 1101 3242 eo
1116 3179 1279 3262 inserere,
1297 3182 1351 3269 qui

281 3288 411 3377 Phylaci
430 3304 463 3351 et
480 3287 650 3373 Clymenes
668 3284 771 3364 lilius,
785 3285 884 3347 frater
891 3283 1080 3359 Alcimedis,
1097 3283 1177 3367 fuit3
1194 3284 1252 3349 sed
1268 3288 1352 3349 forte

281 3394 485 3481 adscripserit
513 3392 627 3477 aliquis
657 3392 817 3479 glossator
851 3387 1073 3453 Deiectionem
1094 3389 1217 3454 'Asterii
1252 3392 1351 3455 fuisse
1416 3421 1417 3462 ς

282 3514 450 3587 nepotem,
463 3497 582 3561 Minois
600 3494 702 3558 filium
715 3518 723 3560 :
738 3518 814 3559 nam
831 3497 875 3558 ita
892 3495 1074 3584 Mythologi
1091 3498 1199 3583 plures
1215 3512 1350 3561 stemma

282 3600 578 3682 deduxerunt3vid.
598 3600 731 3663 Diodor.
749 3600 804 3662 lib.
822 3598 878 3680 lV,
895 3622 967 3688 pag.
986 3599 1065 3679 183,
1081 3618 1114 3664 et
1128 3600 1250 3665 Metire.
1266 3603 1349 3665 Cret.

281 3706 336 3771 lib.
352 3709 418 3785 ΙΙΙ,
434 3728 505 3796 cap.
523 3729 551 3769 2.

326 3912 489 3977 ECHlON
497 3960 505 3991 ‚
524 3914 603 3975 nulli
631 3914 881 3994 omissus,filius
892 3914 1043 3976 Mercurii
1058 3931 1090 3977 et
1102 3913 1301 3996 Antiuuiroe,
1315 3932 1350 3977 ut
1416 3959 1417 4014 t

280 4036 367 4085 recte
377 4018 567 4103 ,Schelferus
584 4016 672 4113 apud
688 4019 854 4107 Hyginum
876 4042 997 4081 nomen
1015 4021 1125 4083 matris
1140 4022 1296 4100 correxit,
1311 4044 1349 4083 ex

13 4122 32 4133 ”
166 4142 169 4147 ’
282 4126 389 4213 Apoll,
413 4120 521 4205 1‚56;
546 4122 697 4209 Orpheus
718 4146 795 4187 vero
821 4124 980 4188 Lautum
1002 4123 1119 4189 Mereti
1142 4124 1238 4189 liliam
1259 4142 1350 4189 vocat
