2859 4975
336 469 751 554 ARGONAU'I'ICON,
773 472 863 537 LlB.
886 473 952 537 lx.
1120 474 1183 553 243

151 601 292 666 Pulchra
309 599 433 690 pedum
447 602 597 689 quatiens
615 601 775 690 sequitur,
791 601 844 665 cui
864 597 1000 666 eandida
1016 603 1183 688 membra,

147 715 295 782 Candida
311 717 462 781 formosae
475 717 596 804 pariter
611 731 691 780 sunt
703 716 851 781 membra
867 717 983 781 sorori.
1163 719 1167 725 ’

191 831 268 896 Nox
281 830 350 894 ruit
366 852 504 913 oceano,
530 828 650 920 Minyae
667 851 772 918 quum
790 830 907 894 eaerula
928 829 1023 895 dorsa

147 945 352 1010 Praetereunt
372 946 470 1010 maris
489 945 642 1036 angusti,
659 945 741 1011 dum
757 967 872 1011 rursus
888 945 930 1010 ab
949 947 1015 1011 alto

149 1061 291 1125 lllucens
306 1061 434 1124 Aurora
452 1060 531 1150 polo
552 1059 728 1126 comitatur
744 1075 871 1125 euntes.
1145 1082 1183 1122 ⁵0⁵

190 1176 250 1240 Est
263 1175 348 1239 ultra
364 1174 499 1239 Ionium
519 1175 654 1264 pelagus
670 1161 824 1240 ioecunda
841 1174 1065 1266 frequensque

34 1319 36 1326 ·
147 1289 278 1372 Insula,
300 1289 359 1354 ubi
374 1288 478 1354 nimio
492 1287 668 1354 tumefacta
681 1290 841 1354 Ceraunia
858 1287 963 1356 fluctu

147 1403 308 1469 Alludunt
325 1404 444 1486 maria,
460 1419 493 1468 et
509 1420 670 1469 terrarum
686 1404 722 1467 in
738 1404 860 1469 visoera
876 1405 1012 1471 latrant:

147 1519 209 1584 Hic
227 1519 344 1584 falcem
365 1539 534 1608 superesse
552 1518 675 1584 ferunt.
690 1519 775 1602 Vos,
791 1514 907 1597 (licite,
923 1520 1045 1598 Musae,

146 1634 223 1699 Non
241 1633 335 1699 decet
355 1636 502 1699 humano
519 1632 629 1698 divina
650 1633 780 1698 effarier
802 1656 870 1699 ore.
1142 1659 1181 1698 a„

146 1749 262 1814 intulit
282 1749 344 1813 hac
362 1749 446 1838 patri
469 1748 629 1813 Saturnus
649 1748 785 1812 vulnera
804 1748 891 1814 loeso.

146 1865 240 1928 Hanc
258 1863 385 1928 Cereris
406 1863 532 1928 culmos
552 1861 756 1952 robustaque
779 1863 864 1927 farra
884 1866 1022 1930 secantis

145 1979 226 2044 Esse
247 1977 302 2042 alii
324 1992 526 2061 memorant;
542 1975 742 2040 habitaverat
755 1976 841 2040 hanc
856 1999 990 2066 quoque
1005 1996 1125 2044 terram

145 2093 240 2158 Alma
255 2094 370 2175 Ceres,
387 2093 491 2181 spicas
510 2090 637 2156 Titania
651 2107 798 2155 monstra
818 2106 982 2158 tumentes

145 2207 279 2272 Caedere
296 2207 378 2272 falce
397 2205 538 2289 docens,
564 2205 646 2272 dum
662 2205 808 2270 Macrida
824 2205 930 2297 diligit
944 2208 1059 2297 ipsam.
1138 2228 1178 2267 εις

145 2322 289 2386 Nomina
304 2338 376 2386 tum
389 2321 557 2412 Drepanes
573 2321 710 2386 fuerunt
723 2321 931 2388 celeberrima
947 2346 1055 2389 sacrae.

146 2435 319 2502 Phaeacum
342 2434 405 2501 fuit
422 2433 492 2499 haec
511 2434 645 2500 nutrix:
664 2435 825 2524 processit
841 2425 934 2527 orign

145 2552 318 2617 Phaeacum
339 2551 499 2641 Nymphae
520 2574 538 2615 a
555 2573 695 2643 genere,
716 2567 749 2615 et
765 2552 945 2618 caelestibus
961 2554 1037 2619 oris.

146 2668 203 2732 His
215 2683 329 2733 vexata
342 2667 432 2731 malis
450 2667 611 2756 pontique
624 2667 810 2750 laboribus,
825 2670 914 2760 Argo

146 2782 320 2847 Trinacriis
337 2798 465 2847 vastum
478 2780 514 2844 in
527 2782 660 2871 pelagus
674 2796 901 2868 penetraverat
915 2783 1012 2848 auris.
1139 2802 1178 2843 ε».
