2859 4975
308 404 704 471 ARGONAUTICON
730 407 818 470 LIB.
842 407 903 471 VI.
1104 409 1148 496 39

111 538 245 604 Miserat
256 537 369 602 infelix
380 560 448 603 non
464 539 533 602 haec
546 502 587 602 ad
599 538 706 627 praelia
719 496 877 628 Thybrim
951 609 956 623 ,

111 654 163 719 Sic
180 652 284 717 modo
303 652 482 747 concordes
500 670 698 741 externaque
717 655 783 719 fata
797 670 944 743 petentes

112 767 248 833 Palladii
260 790 397 856 rapuere
408 782 533 850 metus3
547 769 640 833 sicin
654 791 713 832 sua
724 769 807 833 versi

112 883 243 945 Funera
256 898 475 964 concurrunt,
488 881 628 947 dominis
642 884 888 966 revocantibus,
902 907 987 951 axes.

113 995 191 1059 Non
204 1011 271 1059 tam
284 994 369 1059 foeda
382 997 488 1061 virum
501 998 719 1062 Laurentibus
733 999 863 1088 agmina
877 1001 970 1065 terris
1122 1028 1161 1069 n.

113 1109 246 1189 Ejecere
259 1110 356 1205 Noti,¹
370 1110 493 1198 Libyco
506 1134 567 1176 nec
580 1113 650 1176 talis
664 1113 773 1203 imago
974 1186 978 1192 .

113 1225 241 1308 Litore,
259 1248 363 1313 quum
379 1228 494 1290 l'ractas
508 1227 680 1292 involvunt
694 1250 825 1315 aequora
840 1250 976 1318 puppes.

113 1340 201 1403 Hinc
214 1340 342 1429 bijuges
353 1324 467 1423 ,illinc
481 1358 570 1405 artus
587 1341 924 1423 tenduntur-heriles,

114 1455 208 1537 Quos
222 1454 321 1539 radii,
335 1480 419 1544 quos
432 1456 525 1523 irena
536 1474 663 1543 secant;
679 1458 885 1546 trahiturque
898 1458 1062 1547 trahitque

115 1573 240 1633 Currus
255 1569 342 1634 caede
356 1570 507 1652 madens,
524 1587 660 1659 atroque
677 1572 710 1634 in
726 1573 860 1662 pulvere
874 1596 988 1664 regum
1113 1590 1152 1634 ot

115 1686 248 1749 Viscera
264 1707 355 1749 nnnc
370 1685 457 1767 aliis,
472 1685 541 1748 aliis
558 1707 648 1748 nunc
662 1685 813 1749 curribus
826 1686 961 1751 haerent.

116 1798 214 1864 Haud
231 1821 371 1887 usquam
389 1800 588 1863 Colchorum
607 1800 725 1882 animi,
745 1824 853 1887 neque
871 1825 949 1864 cura
966 1826 1077 1865 cavere

102 2002 156 2057 413.
167 2005 251 2050 Areus.
260 2002 432 2051 Vatic.Bonon.
444 2004 515 2051 codd.
527 2007 617 2053 Botion.
629 2006 640 2051 1
650 2015 673 2051 et
685 2007 717 2051 ll.
726 2032 757 2041 --
765 2014 820 2065 417.
832 2010 911 2068 Neque
921 2009 1144 2069 tepescamus,

73 2090 99 2126 ut
108 2097 177 2128 versu
186 2097 236 2143 seq.
247 2082 322 2129 Vatic.
332 2092 356 2129 et
366 2085 457 2129 Bonon.
469 2084 541 2131 codd.
550 2089 635 2147 Meque
649 2094 713 2146 peste
726 2087 842 2131 revinctos.
849 2088 940 2132 Botion.
953 2088 972 2131 Ι.
982 2090 1046 2132 lunt.
1057 2088 1141 2133 Moser.

72 2164 152 2223 Neque
157 2170 224 2223 peste
234 2163 346 2207 recinctus.
365 2164 464 2223 Eugent.
479 2165 564 2225 Meque
577 2165 664 2226 inclyta
678 2164 765 2211 dextris
778 2180 824 2226 pro
839 2180 887 2210 var.
907 2153 960 2211 lect.
979 2168 1070 2213 Bonou.
1089 2168 1147 2212 cod.

73 2244 124 2289 Noa
140 2240 225 2304 inclyta
240 2241 334 2289 dextris.
349 2244 439 2289 Bouon.
452 2244 482 2289 ll.
495 2243 548 2289 hld.
558 2245 601 2291 En.

72 2429 243 2496 quatrecludr't
263 2431 436 2490 Dardanium,
457 2447 513 2481 non
538 2428 588 2481 hos
633 2429 735 2483 duriori
751 2450 766 2483 e
784 2431 859 2483 corio
881 2432 1020 2497 conlecta,
1044 2448 1149 2493 secant,

74 2509 202 2572 quaesitum
213 2526 301 2572 munus
311 2507 339 2559 in
348 2527 419 2562 usus.
584 2551 587 2558 .
633 2529 688 2563 nou
705 2509 852 2575 dissecant,
867 2510 913 2564 sed
927 2512 1085 2575 vulnerant,
1099 2533 1147 2564 cu-

109 2590 224 2654 407.Sic
242 2586 323 2658 igitur
340 2599 365 2639 et
378 2587 597 2660 scythasmodo,
634 2601 686 2640 tem
714 2589 830 2653 laedunt,
852 2592 1002 2658 cautaque
1029 2595 1150 2658 traditque

73 2664 166 2734 paullo
187 2675 248 2718 ante
275 2671 409 2718 concordes
437 2682 590 2734 externaque
634 2669 800 2736 (verborum
820 2670 858 2723 sic
878 2670 966 2724 activa
993 2683 1020 2723 et
1045 2671 1149 2742 passiva
1175 2688 1179 2697 ·

63 2744 130 2807 fata
143 2749 274 2813 petentes,
284 2765 338 2798 non
354 2746 405 2798 uisi
418 2745 452 2799 de
469 2747 589 2800 hostibus
631 2753 725 2822 juncta
737 2768 808 2820 saepe
824 2748 898 2820 apud
911 2750 1039 2802 Ovidium
1054 2744 1150 2813 obviati

73 2823 206 2876 cedendis
235 2825 395 2895 cogitantes,
418 2831 540 2888 Palladii,
574 2846 589 2878 a
635 2827 1150 2897 couf.infra‚V11,594)curmscoede‚

73 2902 179 2956 Pallade
193 2904 318 2970 immissi,
335 2925 437 2972 rapuere
446 2921 541 2968 metus,·
555 2910 590 2958 sic
635 2908 764 2978 sauguine
773 2912 909 2971 ,'rnaderrs,
923 2923 1027 2975 atroque
1035 2911 1060 2959 in
1068 2913 1153 2976 pulve-

75 2985 99 3032 ia
109 3002 155 3033 sna
164 2985 311 3054 (suorum)
324 2987 393 3035 versi
401 2986 498 3054 fituera
511 3005 587 3045 axes,
635 3007 661 3038 re
670 3007 770 3054 regum,
779 2986 878 3040 ducum
886 3027 895 3052 ,
902 2992 1002 3040 viscera
1010 3007 1076 3038 nunc
1086 2991 1141 3039 aliis
1146 3025 1157 3052 ,-

74 3079 185 3127 currus,
207 3077 369 3124 concurrunt,
393 3067 497 3116 dominis
520 3085 589 3118 reru·
635 3069 690 3118 aliis
703 3087 769 3118 nunc
783 3068 889 3118 curribus
903 3071 1008 3118 luerent.
1027 3072 1089 3119 Ater
1094 3071 1151 3134 pul·

74 3144 198 3204 cantibus,
217 3141 348 3214 quidquid
362 3141 530 3207 clamarent,
550 3163 591 3196 rc·
636 3148 668 3195 vis
679 3145 706 3198 h.
716 3145 733 3199 Ι,
746 3157 785 3197 est
795 3164 891 3198 cruore
903 3143 1000 3197 tinctus
1011 3180 1019 3207 ,
1030 3143 1069 3196 uti
1077 3144 1150 3214 apud

74 3231 167 3292 troque
177 3233 280 3276 vertere
294 3234 424 3292 cuperent
432 3233 560 3277 vectores.
635 3224 727 3294 Virgil.
735 3226 797 3276 AEn.
808 3223 849 3285 11,
862 3241 912 3292 ²72
922 3241 929 3275 :
939 3237 1041 3289 aterque
1050 3238 1152 3274 enecato

109 3309 172 3366 tito.
181 3308 238 3356 Non
251 3305 380 3374 tamsa’da
389 3316 498 3376 aspectu
506 3308 589 3358 vinem
630 3307 741 3371 pulvere.

75 3384 178 3450 agmina
187 3385 347 3436 Laurentibus
356 3388 425 3438 terris
434 3387 527 3453 ejecere
534 3389 588 3454 (so-
670 3391 733 3454 417.
740 3385 817 3434 Haud
826 3400 930 3449 usquam
941 3384 1083 3432 Colchomm
1091 3384 1159 3432 ancl.

76 3460 161 3514 lenuis
175 3481 229 3515 vox
243 3461 279 3515 de
296 3463 441 3535 naufragis)
460 3466 529 3526 Noti,
544 3483 589 3516 nee
636 3467 668 3516 νηὶ
681 3475 756 3526 sunt,
772 3480 877 3516 exerere
884 3481 918 3514 'se
930 3471 1058 3534 possunt,
1071 3481 1151 3528 neque

75 3542 162 3606 Libyco
178 3543 234 3594 talis
247 3545 331 3610 imago
345 3543 406 3612 (in)
417 3546 503 3605 litora,
516 3560 591 3611 qutun
636 3563 696 3594 cura
703 3581 711 3606 ,
724 3541 763 3594 nil
776 3559 844 3612 opus
857 3550 912 3606 est,
923 3559 1009 3592 carere
1022 3542 1087 3601 tela,
1106 3542 1153 3591 sed
1170 3554 1175 3568 '

66 3621 172 3682 fractas
203 3623 329 3673 involvunt
352 3640 455 3689 aequora
480 3630 601 3690 puppes?
637 3627 728 3674 misera
736 3625 762 3674 ia
768 3636 852 3690 peste,
867 3632 962 3672 mutua
974 3617 1060 3684 crede,
1073 3621 1152 3687 impli-

75 3697 206 3769 sragmina
228 3700 335 3760 uarium
353 3719 401 3772 per
420 3699 516 3753 [luctus
534 3699 591 3754 vol·
636 3706 696 3753 citos
711 3716 735 3753 et
752 3703 871 3753 revinctos
883 3700 1039 3768 confodiant,
1052 3701 1149 3767 acfor·
1170 3725 1173 3732 ·

74 3790 182 3832 vuntur.
518 3807 521 3812 ·
594 3825 596 3835 .
634 3800 676 3833 rna
685 3777 1149 3840 neeis-nonaltera,n0nalia‚eadem
1170 3807 1174 3814 ·

109 3857 170 3920 413.
184 3861 251 3911 Hinc
268 3859 374 3928 bijuges,
393 3879 540 3931 equorum,
558 3862 588 3912 it·
633 3860 763 3930 ubique,
774 3864 866 3928 surgit,
886 3860 923 3911 ob
943 3858 1035 3910 oculos
1057 3858 1158 3920 renit,¹

74 3938 240 4000 lincderiles,
262 3939 416 4010 aurigarum
427 3954 515 4003 ,artas
531 3954 586 3992 terr·
632 3959 706 4006 quam
720 3944 762 3991 ubi
769 3954 935 3992 venatornon
952 3941 1052 3998 Umbro,
1065 3956 1158 3991 vena-³

73 4018 177 4080 dicatur,
189 4035 282 4088 omnes
295 4031 321 4071 et
339 4017 429 4073 viriet
441 4019 503 4090 equi
518 4018 601 4080 vires,
632 4019 684 4072 tico
696 4037 763 4072 cane
772 4039 803 4072 ex
812 4019 943 4086 Umbria(
954 4022 1041 4070 Umber
1057 4021 1145 4080 bians,

73 4094 273 4162 intendunt,ut
283 4108 377 4150 contra
387 4097 516 4163 nitantur,
526 4117 597 4164 quos.
632 4097 730 4169 Virgil.
757 4101 822 4161 AEn.
846 4098 918 4161 XII,
933 4096 1010 4167 -7543
1029 4096 1158 4162 Seneca,¹

72 4177 154 4237 radii,
179 4187 244 4229 rolae
271 4176 391 4242 falcata,
417 4197 477 4246 quos
490 4177 585 4244 frena,
634 4176 743 4250 Thyest.
756 4178 814 4232 Act.
828 4178 885 4242 III,
900 4178 951 4247 498
968 4178 1060 4246 seq.),
1077 4177 1151 4227 educi
