2859 4975
401 425 498 489 ΑΒΘ
511 423 779 488 ONAU-TARU
789 421 834 486 M.
1089 421 1153 507 359

92 545 300 631 expeditionis
320 547 467 632 scriptori
491 545 658 633 praeteriti:
676 565 774 608 nemo
796 545 925 629 ignorat
945 544 1042 606 etiam
1063 545 1152 606 lovis

92 666 120 712 et
138 648 231 712 [redte
247 649 327 716 lilios
344 649 417 713 dici.
437 653 474 714 ln
491 672 555 737 qun
572 650 697 738 generis
714 650 839 737 origine
860 649 923 710 hoc
938 649 1062 730 solum,
1076 650 1153 735 quia

91 756 195 818 omnia
228 757 349 842 reliqua
376 756 490 835 obvia,
513 754 769 834 observandum,
796 753 886 841 qood
918 754 1013 816 etiam
1044 755 1151 818 losoni

90 860 251 938 cnjuncti
271 862 363 925 fuere
380 864 552 950 sanguine,
569 877 602 925 et
618 862 769 924 l'amiliam
785 859 990 924 AEolidarum
1006 860 1152 946 contige·

90 969 159 1031 rint.
176 969 262 1032 AEoli
284 969 370 1032 enim
396 969 458 1032 lilio
480 971 542 1032 luit
566 971 698 1056 Calyce,
716 991 789 1055 quoe
811 993 848 1030 ex
867 968 992 1031 AEthlin
1014 969 1154 1054 suscepit

89 1073 402 1160 Endymiona‚cujus
414 1074 499 1138 filius
509 1071 650 1154 AEtolus‚
663 1075 733 1152 ejus
741 1073 893 1153 Pleuron,
906 1074 1003 1152 hujus
1012 1075 1152 1161 Agenor,

88 1179 168 1242 illins
179 1181 374 1259 Demetrius,
384 1202 505 1268 quaeex
514 1181 618 1244 Marte
632 1180 706 1243 tulit
716 1180 897 1261 Thestium,
905 1195 1029 1267 patrem
1040 1180 1152 1254 Lede,

87 1284 139 1371 qui
155 1307 212 1348 rex
229 1285 290 1347 l'uit
301 1284 446 1365 AEtoliae3
457 1284 522 1348 vid.
538 1285 690 1373 Apollod.
706 1284 762 1348 lib.
782 1287 813 1364 l,
828 1305 898 1369 αφ.
913 1307 944 1369 7.
956 1283 1021 1346 Sed
1035 1285 1070 1347 in
1089 1285 1152 1346 lroc

86 1405 253 1453 stemmate
281 1391 344 1453 hoc
374 1389 641 1476 incommodum,
666 1390 756 1477 quod
786 1413 890 1477 quum
923 1406 972 1454 tot
999 1390 1152 1478 gradibus

85 1495 234 1559 Thestius
261 1497 302 1559 ab
319 1495 416 1560 AEolo
440 1496 552 1571 distet,
567 1497 619 1560 vix
641 1497 710 1575 ejus
733 1513 808 1560 artas
832 1497 1035 1584 temporibus
1056 1498 1152 1575 liujus
1251 1531 1265 1548 ο

86 1601 203 1665 militiae
231 1617 411 1690 congruere
436 1625 530 1690 posse
552 1602 690 1684 videtur,
716 1604 770 1666 cui
799 1619 847 1666 tot
871 1603 990 1666 dedere
1019 1603 1151 1666 nomina

85 1707 202 1790 posteri
217 1706 318 1788 AEoli,
330 1708 435 1772 molto
458 1709 611 1796 propiore
635 1708 738 1796 gradu
751 1727 826 1770 eum
840 1708 1075 1796 contingentes.
1088 1707 1152 1770 sed

84 1811 165 1874 idem
184 1813 221 1876 in
235 1815 360 1892 Anceo,
372 1814 493 1901 Iphiclo
507 1829 540 1876 et
555 1813 625 1876 aliis
640 1815 796 1888 occurrit,
812 1832 872 1876 nec
891 1815 969 1876 tales
994 1814 1029 1875 iu
1050 1811 1152 1875 histo·

84 1922 126 1983 ria
143 1921 285 2009 mythice
306 1921 383 1984 nodi
403 1943 462 1984 nos
481 1921 597 1992 mereri
618 1919 756 2001 debent,
773 1943 877 2007 quom
898 1940 982 2008 saepe
1004 1919 1149 2000 ejusdem

83 2027 223 2088 nominis
239 2049 315 2090 avers
332 2043 364 2090 et
379 2043 512 2113 nepotes
531 2025 739 2090 confuderint
753 2043 874 2113 poetae,
890 2043 1028 2113 possunt
1042 2042 1148 2088 tamen

84 2131 232 2194 Dioscuri
253 2133 497 2220 propiusAE010
520 2132 702 2212 admoveri,
716 2131 742 2195 si
762 2155 819 2219 per·
843 2150 964 2219 patrem
981 2131 1150 2220 Tyndareo

82 2238 312 2304 ascendamus:
338 2239 391 2302 illc
414 2240 501 2304 enirn
525 2239 610 2302 filius
629 2239 783 2319 Perieris‚
800 2255 834 2302 et
849 2262 949 2326 nepos
965 2240 1051 2303 AEoli
1068 2241 1153 2326 luit,

83 2359 116 2405 ut
130 2344 351 2432 Apollodorus
367 2363 500 2408 stemma
520 2345 669 2431 deducit,
680 2345 735 2408 lib.
753 2346 786 2424 1,
800 2338 872 2432 capi
885 2369 924 2430 9,
939 2352 956 2424 §
974 2343 1013 2424 53
1027 2337 1083 2432 qui
1099 2360 1145 2405 ta·

81 2471 152 2511 men
179 2449 260 2513 alios
287 2451 447 2514 Perierem
473 2449 623 2538 Cynorlae
641 2440 743 2514 lilium
761 2452 867 2515 faeere
888 2449 996 2531 addit,
1009 2451 1067 2539 qui
1086 2446 1149 2513 l'uit

80 2552 159 2618 filins
172 2557 327 2642 Amyclae3
346 2574 378 2620 et
395 2557 471 2619 hinc
486 2557 542 2620 lib.
562 2552 626 2635 lll,
641 2580 709 2643 cap.
725 2582 774 2638 10,
789 2552 836 2633 §¹3
852 2574 884 2621 et
899 2561 990 2637 4,ex
1004 2559 1149 2644 Cynorta

79 2659 211 2726 deducit
229 2662 407 2744 Perierem,
419 2686 459 2726 ex
484 2662 539 2725 illo
559 2665 741 2742 OEbalum,
756 2681 789 2727 et
808 2688 847 2727 ex
864 2688 904 2727 eo
918 2664 1149 2750 Tyndareum,

79 2767 131 2829 sed
164 2768 244 2831 hinc
272 2768 367 2832 etiam
400 2770 659 2856 perturbationes
675 2770 840 2857 ''plurimae
876 2787 1085 2858 temporum:
1119 2770 1145 2832 si

79 2874 163 2936 enim
200 2874 391 2963 Tyndareus
433 2874 622 2939 tertius'·ab
652 2874 771 2956 AEolo,
813 2876 869 2962 qui
898 2876 1007 2963 potuit
1038 2872 1149 2952 Leda,
1182 2885 1185 2892 “

78 3002 149 3063 quae
176 3000 264 3043 nona
291 2982 332 3045 ab
361 2980 417 3044 illo
442 2980 521 3060 fuit,
538 2982 606 3059 ojus
628 2973 749 3059 conjux
777 2982 896 3045 luisse?
912 3004 1019 3068 neque
1050 2982 1144 3044 etiam

17 3096 19 3099 '
77 3087 191 3148 Castor
203 3102 235 3149 et
248 3086 362 3149 Pollux
376 3088 481 3149 multo
489 3085 574 3147 ‘inl'ra
585 3086 655 3149 haec.
667 3103 812 3173 tempora
824 3083 1030 3167 detrudendi,
1042 3070 1144 3173 quoin

77 3187 294 3270 ante‘l'rnjanl
319 3192 394 3255 belli
419 3202 565 3279 tempora
583 3190 647 3268 jam
665 3216 682 3253 e
702 3190 810 3278 medio
827 3193 1038 3273 excesserint,
1055 3192 1145 3279 duod

78 3294 102 3355 si
119 3296 217 3357 etiam
229 3307 341 3359 terum
357 3296 412 3377 sit,
426 3297 483 3383 qui
501 3295 655 3359 credibile
669 3307 717 3357 cst
731 3293 905 3377 Helenam,
920 3321 1034 3360 corum
1051 3320 1144 3361 soro·

77 3423 160 3484 rem,
178 3403 251 3466 belli
263 3404 397 3485 Trojani
413 3404 559 3491 potuisse
575 3420 644 3467 esse
661 3404 849 3467 auctorem.a
860 3404 885 3467 si
905 3405 991 3469 enim
1009 3406 1060 3468 illa
1081 3404 1144 3469 fitia

76 3508 236 3595 Tyndarei
252 3510 332 3589 fuit,
347 3509 542 3597 decrepitam
560 3498 789 3589 anum'luisse,
800 3524 904 3595 qumn
918 3509 1049 3589 'frojam
1058 3512 1144 3575 irent

77 3614 193 3695 Graeci,
212 3625 340 3702 oportet
351 3616 366 3695 3'
375 3636 472 3701 quem
492 3614 617 3678 nodum
635 3638 704 3678 non·
719 3614 811 3676 aliter
834 3616 929 3678 solvit
953 3612 1082 3679 Semiu's
1094 3615 1143 3679 ad

76 3717 162 3807 Virg.
177 3716 306 3784 AEneld.
334 3722 385 3801 ll,
402 3722 483 3801 601,
500 3720 561 3783 nisi
585 3713 676 3807 quod
698 3720 814 3783 Pollux
833 3737 865 3783 et
883 3720 1004 3810 Helena
1021 3723 1143 3787 luerint

75 3824 288 3906 immortales,
300 3825 439 3912 ideoque
451 3844 518 3887 non
533 3840 669 3889 senectae
681 3827 769 3890 vitiis
778 3826 929 3906 obnoxii,
940 3830 1056 3889 Castor
1066 3841 1142 3892 vero

75 3931 319 4018 mortalis3quae
343 3916 425 3993 ratio
451 3930 531 3993 nulli
555 3931 736 3993 satisfacere
759 3934 887 4017 poterit.
904 3930 994 3995 Idem
1013 3932 1141 3994 Servius

74 4034 239 4115 observat,
262 4039 521 4125 Argonautarum
547 4035 628 4099 filios
654 4035 838 4119 inter-frusse
862 4039 947 4102 bello
966 4038 1140 4117 Thebano,

50 4188 52 4197 s
75 4138 205 4203 illorum
228 4164 306 4206 vero
329 4140 410 4207 filios
434 4142 594 4223 Trojan03
617 4140 674 4205 sed
697 4142 934 4209 inextricabiles
956 4146 1020 4211 ltos
1040 4143 1143 4207 nodos
