2859 4975
267 391 700 475 ARGONAUTICON,
731 393 823 457 LIB.
847 391 909 454 IX.
1067 375 1131 447 235

105 525 142 587 Et
158 523 260 586 tristis
282 522 398 587 Medea
413 524 528 588 simul:
549 526 755 590 sermonibus
774 526 863 589 liorae
1094 528 1133 573 ²⁴⁵

105 641 281 703 Ducuntur
298 639 414 720 variis3
432 639 483 704 his
499 641 664 729 proxima,
680 640 743 705 filia
761 640 843 705 Solis

105 755 255 836 Nomen,
272 769 306 816 et
321 753 436 818 insano
453 756 587 820 tolerata
601 756 743 844 pericula
756 770 861 843 ponto

106 870 246 951 Quaerit,
265 884 297 932 et
311 868 400 952 haud
416 892 536 933 vanum
550 885 645 959 putat
659 870 804 934 evenisse
817 887 990 956 soporem,

104 984 145 1048 Et
162 983 249 1072 nigri
265 983 433 1047 simulacra
454 982 506 1047 dei
520 1007 529 1064 3
543 985 634 1072 cupit
649 984 719 1073 ipsa
734 981 898 1070 loquentis

105 1099 261 1186 Excipere
279 1098 420 1162 alternos
436 1099 574 1163 sonitus.
593 1099 691 1162 Micat
708 1099 804 1187 ignea
819 1116 950 1160 versans
1094 1103 1133 1143 ²⁵⁰

104 1214 244 1276 Lumina
260 1212 424 1300 virgineus
440 1210 561 1300 pudor,
580 1233 790 1300 erroremque
806 1209 937 1305 fatetur.

103 1327 190 1389 Tum
208 1347 311 1414 genus
324 1349 343 1388 a
358 1325 482 1390 Phoebo
500 1326 568 1390 visa
585 1342 650 1408 est,
667 1325 902 1412 manifestaque
919 1321 1038 1412 proles.

105 1439 207 1528 Virgo
222 1439 319 1502 maris
333 1439 474 1503 narravit
489 1439 560 1521 iter,
574 1441 686 1503 metita
703 1441 830 1503 labores

104 1555 293 1642 AEquoreos
307 1577 403 1619 sacrae
417 1555 556 1642 puppis,
574 1554 745 1642 variosque
762 1570 905 1634 meatus,

105 1670 195 1733 Voce
210 1685 336 1757 patrem
353 1669 513 1750 referens,
527 1670 672 1732 formoso
689 1691 827 1756 corpore
840 1682 996 1745 matrem;
1097 1676 1135 1716 2⁵⁵

106 1785 316 1849 Barbaricum
332 1785 431 1849 veluti
447 1784 565 1873 pavido
584 1802 707 1850 terrore
721 1801 907 1874 parentem,

105 1900 261 1982 Insidias,
279 1900 459 1988 tacitosque
474 1900 568 1965 dolos
582 1902 731 1966 vitaverit
747 1915 840 1973 astu,

105 2018 224 2081 Iuncta
239 2017 310 2080 viro
330 2039 429 2104 quem
446 2017 543 2105 stirps
562 2015 686 2080 extollit
703 2016 790 2102 regia
804 2013 914 2092 Graio.

106 2131 239 2220 Absyrti
257 2153 323 2194 non
342 2153 418 2195 ausa
432 2147 540 2195 tamen
555 2129 697 2194 crudelia
714 2129 774 2192 fari
803 2165 806 2172 ·

105 2249 265 2332 Vulnera,
282 2248 371 2314 etad
387 2272 490 2314 sacras
509 2265 646 2313 stratum
661 2246 837 2311 crudeliter
851 2266 931 2308 aras.
1098 2255 1136 2293 ²⁶0

105 2366 180 2451 Ipsa
196 2380 305 2428 tamen
322 2364 425 2429 tacitis
444 2379 653 2453 praesenserat
672 2362 782 2426 omnia
800 2361 892 2452 Circe

107 2480 196 2543 Dum
213 2479 331 2544 titubat
352 2479 468 2545 Medea
483 2480 586 2561 notis,
603 2496 635 2544 et
653 2476 791 2544 fluctuat
806 2500 863 2541 ore

106 2592 211 2683 Virgo
227 2594 428 2675 verecundo,
443 2593 524 2657 dum
540 2610 633 2658 terrae
651 2592 768 2681 quaerit
783 2591 901 2654 hiatus.

112 2704 176 2769 Sed
195 2721 303 2770 tamen
320 2706 371 2770 his
389 2708 534 2795 nymphe
550 2707 656 2772 flentis
673 2707 823 2771 miserata
837 2705 965 2768 dolores

19 2870 20 2875 η
109 2821 314 2909 Alloquitur:
328 2823 375 2885 sic
391 2794 478 2911 cogit
494 2845 597 2905 amor,
616 2825 662 2887 sic
677 2823 790 2888 incitat
806 2824 876 2885 ira:
1013 2891 1016 2896 ,
1074 2829 1139 2893 t²⁶⁵

153 2964 168 2989 «ι
178 2933 268 2997 Proh
283 2935 453 2999 miseram!
472 2937 529 3024 qui
547 2938 652 3025 turpis
668 2936 785 3001 amor?
797 2958 871 3023 quae
884 2931 985 2997 tristis
997 2928 1138 3013 Erinnys

109 3050 247 3137 Impulit
255 3050 296 3113 'in
309 3050 434 3115 facinus
448 3052 600 3121 tautum?
613 3052 693 3140 quid
709 3051 840 3116 credula
851 3050 943 3137 virgo

96 3162 253 3249 'Sperasti
268 3166 368 3252 patris
385 3166 457 3229 irati
470 3168 541 3229 fore
561 3188 684 3235 numen
702 3164 865 3228 inultum?

111 3278 206 3341 Certe
224 3276 344 3360 aderit,
362 3303 423 3344 nec
439 3280 535 3370 longa
552 3303 642 3344 mora
660 3294 726 3362 est,
743 3301 848 3367 quum
864 3290 989 3364 sceptra
1008 3273 1140 3359 Pelasga

111 3390 242 3474 Diruct,
263 3416 300 3456 ac
323 3394 462 3482 pedibus
479 3395 615 3460 calcabit
629 3395 774 3460 adultera
796 3394 893 3475 colla,
996 3459 999 3464 ,
1101 3418 1139 3456 27⁰
1177 3448 1182 3455 .

112 3506 248 3572 Ulturus
267 3509 399 3597 natique
417 3531 547 3591 necem,
571 3532 727 3598 saevaeque
743 3507 863 3572 sororis

116 3622 283 3705 Dedecus,
307 3640 340 3687 et
354 3626 474 3713 Phryxi
491 3626 654 3689 sublatum
671 3625 809 3715 turpiter
825 3642 953 3684 aurum.

115 3736 201 3800 Cede
218 3760 294 3827 age,
312 3755 345 3802 et
363 3740 475 3804 infelix
490 3756 603 3805 nostro
617 3740 734 3828 procul
749 3737 830 3802 orbe
845 3736 983 3815 facesse,

115 3853 269 3941 Argolicis
286 3854 437 3918 famulata
454 3856 548 3920 viris:
566 3872 618 3919 eat
631 3856 691 3919 iste
705 3871 895 3943 protervus,

118 3967 223 4049 Quem
240 3968 300 4033 tibi
318 3969 471 4059 conjugio
489 3971 588 4059 patris
602 3970 672 4033 sine
688 3969 808 4034 loedere
822 3968 958 4049 junxti».
1103 3983 1140 4037 27⁵

146 4082 211 4153 ,Sic
224 4084 286 4147 ait:
302 4084 371 4167 illa,
389 4086 476 4173 gravi
490 4085 683 4165 jamdudum
701 4106 855 4184 oppressa
869 4083 1000 4165 dolore,
