2859 4975
341 405 759 489 ARGONAUTICON',
788 405 875 469 LIB.
898 405 940 468 X.
1099 410 1163 492 249

137 542 218 622 Quae
234 561 326 623 mea,
343 561 415 628 quae
434 561 487 604 me
502 540 605 628 ipsam
620 537 696 603 fidei
710 539 924 627 imperterrita
938 553 1052 603 vestroe

136 653 276 720 Credere
293 654 437 736 decrevi,
457 671 490 719 et
500 655 596 720 fulvis
611 655 804 742 squallentia
818 655 901 720 villis

138 770 312 860 Tegmina,
330 793 403 859 quae
420 769 531 834 Graias
547 786 656 834 essent
671 769 821 834 ducenda
836 791 895 858 per
911 770 1030 834 urbes..
1140 786 1164 826 ss

138 884 257 948 Omnia
271 906 374 972 quum
391 883 485 948 vobis
501 882 668 966 dederim,
695 884 743 947 nil
755 881 801 947 mi
813 884 883 971 ipsa
899 884 1041 973 reliqui,

31 1021 33 1024 ·
138 1001 278 1091 Hospitii
291 1017 409 1090 praeter
424 999 533 1082 divos,
557 1017 590 1065 et
605 999 725 1064 foedera
740 999 860 1064 dextrae

137 1119 259 1207 Jusque
274 1117 432 1205 piumque
450 1115 551 1202 datae,
564 1131 708 1181 vestrum
725 1114 891 1179 defendite
904 1137 1042 1204 corpus:

137 1232 251 1296 Vestra
265 1254 325 1322 ego
343 1254 434 1313 sum,
452 1246 485 1297 et
499 1247 608 1296 vestro
625 1254 697 1320 pars
713 1253 781 1295 non
796 1225 931 1319 indigna
942 1231 1121 1320 triumpho.

139 1349 207 1410 Cur
223 1345 372 1434 sanguis,
388 1345 447 1409 cur
463 1343 563 1409 corda
580 1345 712 1434 tepent?
727 1367 800 1433 quas
815 1346 936 1410 robora
949 1344 1036 1427 vidi,
1140 1364 1166 1402 ⁶⁰

140 1463 233 1544 Quos
246 1461 390 1543 animos,
407 1461 525 1526 nostris
538 1484 599 1550 pro
615 1461 777 1526 moenibus
789 1461 920 1551 agmina
931 1460 1066 1550 quando

137 1577 224 1640 Ense
238 1575 408 1640 metebatis
423 1575 547 1640 Persae?
561 1599 665 1664 quum
679 1576 785 1640 victor
799 1577 895 1640 Iason
984 1621 990 1630 ·

139 1693 304 1755 Goesorum
323 1691 513 1755 innumeros
528 1689 667 1779 pedihus
681 1692 819 1766 calcaret
833 1691 989 1756 acervos?

138 1807 225 1895 Ergo
240 1806 298 1894 qui
318 1827 452 1896 magnos
469 1806 619 1894 potuistis
633 1806 764 1871 vincere
775 1829 883 1897 reges,

139 1922 276 1985 Vincere
290 1922 470 2010 relliquias,
488 1921 687 2012 fugitivaque
704 1938 806 1986 castra
821 1923 969 1986 timetis?
1142 1940 1169 1978 6⁵

140 2039 214 2101 Non
232 2052 323 2124 pater
335 2037 396 2100 hos
412 2037 532 2120 mittit,
548 2037 681 2128 fugiunt
696 2039 838 2102 immane
852 2039 993 2127 parentis

139 2152 414 2240 Barbaricumque'
422 2153 558 2242 jugum,
570 2153 778 2240 violentaque
792 2154 865 2234 jura
887 2153 1048 2241 tyranni».

182 2267 347 2331 Prociduo
364 2253 409 2332 sic
428 2268 492 2332 fata
508 2289 620 2358 genu3
645 2269 846 2356 quicumque
864 2269 1059 2356 loquentem·

140 2383 269 2465 Audiit,
287 2383 373 2446 illam
392 2383 502 2447 animo
520 2385 683 2449 constanti
702 2399 736 2449 et
749 2401 881 2478 pectore
895 2383 990 2448 firmo
1069 2415 1072 2419 ·

141 2500 215 2564 Esse
231 2499 342 2580 jubet,
357 2498 509 2587 quatiunt
523 2499 650 2581 hastas,
666 2522 860 2589 pugnasque
871 2501 1044 2563 lacessunt.
1143 2530 1169 2568 το

181 2615 257 2679 Nox
272 2614 353 2696 ruit,
366 2630 398 2678 ct
415 2630 514 2678 terras
528 2636 645 2678 somno
659 2614 823 2679 demulcet
835 2616 946 2679 inerti:

142 2729 236 2793 Graia
253 2745 361 2793 tamen
376 2729 486 2817 vigilat
503 2729 628 2817 pubes,
649 2748 681 2796 et
698 2728 841 2818 pectore
851 2746 956 2794 versat

141 2845 279 2927 Omnia,
305 2868 377 2932 quae
399 2845 475 2909 belli
495 2846 626 2910 fortuna
643 2848 767 2911 alterna
785 2846 941 2910 minatur.

141 2959 253 3042 Qualis
272 2959 469 3023 inexhaustae
489 2983 615 3048 pernox
636 2977 768 3049 operata
790 2961 945 3025 Minervae

140 3072 272 3138 Defletis
291 3074 472 3162 mulierque
493 3076 573 3140 toris
592 3074 759 3164 viduoque
784 3077 902 3158 ciuili,

140 3189 280 3278 Pignora
296 3211 394 3276 quarn
413 3189 536 3253 circum
551 3212 626 3285 caro
643 3186 722 3253 flent
743 3189 824 3253 orba
844 3206 994 3279 parente,

139 3304 286 3367 Devovet
304 3302 470 3367 adversam
490 3280 629 3387 sortem,
649 3304 851 3392 miserosque
871 3300 1079 3394 hymenaeos,

139 3418 255 3481 Moeret
276 3417 389 3507 inops,
413 3418 563 3508 lacrymis
584 3434 618 3483 et
636 3419 761 3483 lumina
778 3418 925 3484 tristibus
943 3418 1106 3484 hument:

141 3533 192 3598 Sic
209 3533 331 3621 Minyis
348 3532 502 3599 maduere
516 3558 625 3623 genae,
646 3534 693 3600 sic
712 3535 811 3599 corda
828 3534 945 3599 dolore

141 3651 241 3713 Anxia
260 3650 344 3713 facta
362 3651 467 3740 gravi,
480 3651 656 3739 subitoque
675 3652 854 3714 immortua
870 3674 956 3715 casu.
1144 3674 1168 3710 ⁸0

182 3765 340 3829 Alcinous
356 3780 490 3846 eontra,
512 3765 762 3853 venerandaque
775 3787 851 3854 rege
865 3766 982 3830 marito
1043 3798 1054 3807 ·

140 3881 253 3961 Arete,
278 3878 358 3942 dum
379 3894 477 3943 nocte
494 3880 585 3943 color
598 3881 742 3945 vanescit
757 3882 799 3944 al>
817 3882 914 3964 orbe,

149 3994 186 4057 In
205 3994 313 4057 stratis
326 4010 396 4058 tum
420 3995 523 4058 multa
543 3994 639 4058 simul
658 3992 700 4057 de
719 3995 845 4083 virgine
860 4012 949 4085 rapta
1050 4061 1061 4085 ο

142 4111 343 4175 Consuluere
365 4111 453 4193 suis3
473 4108 626 4190 juvenem
646 4101 757 4201 regina
773 4113 926 4177 maritum
