2859 4975
70 475 1132 502 mmmmfflmmmmmmfflfflmmfflffl

232 771 282 818 an
306 729 459 819 cnamss.
479 769 525 818 ac
548 767 730 816 canorus.
749 767 964 818 sanarum

115 974 163 1050 D.
194 967 832 1049 FR.1ELEPHANTUTIUM
864 970 1079 1052 BONON.

276 1145 280 1152 ⁴
307 1187 511 1246 JOANNES
539 1186 755 1244 naamam
779 1188 895 1246 mus.

476 1413 717 1439 ..qo-—

115 1639 301 1729 Pindarus,
314 1639 445 1711 Atticus
465 1639 555 1728 olor,
575 1643 717 1710 Senator
733 1639 957 1736 amplissime,
968 1649 1136 1744 Tempus,

65 1765 215 1833 omnium
232 1777 377 1858 patrem,
392 1776 511 1857 potens
525 1763 685 1856 operibus
700 1763 875 1858 imponere
889 1766 1009 1856 finem,
1022 1788 1137 1862 vocat,

65 1885 213 1956 homines
228 1885 368 1956 laudans
387 1911 464 1970 eos,
487 1886 610 1980 quibus
628 1887 735 1955 Parca
755 1885 862 1956 laetam
881 1916 956 1960 cum
977 1891 1135 1966 felicitate

65 2009 231 2079 fortunam
256 2023 374 2080 servat.
395 2007 573 2079 Pindarioa
592 2009 757 2078 sententia
780 2012 878 2081 nobis
900 2013 1137 2109 impraesentia-

66 2158 136 2204 rum
156 2133 336 2220 convenit,
353 2132 411 2227 qui
431 2131 586 2202 secundis
600 2133 759 2226 temporis
774 2134 933 2228 auspiciis
950 2139 1019 2226 usi,
1031 2140 1137 2235 Apol.

65 2255 142 2326 lonii
171 2256 347 2351 Flaccique
375 2256 481 2324 nostri
509 2252 646 2350 pelagus
672 2256 941 2351 eremigavimus.
980 2261 1135 2337 Felicitas

65 2404 194 2476 qnoque
215 2379 411 2474 tempestiva
429 2379 604 2447 subvenit:
620 2379 744 2447 etenim
763 2379 850 2449 inter
868 2385 985 2454 Musas
1002 2403 1133 2461 nostras

65 2506 253 2575 secretiores
277 2504 407 2598 Orphei
428 2501 657 2598 Argonautica
679 2503 778 2571 Latio
803 2508 1023 2602 transcripta,
1047 2511 1134 2607 opus

65 2629 275 2723 Adespoton,
306 2653 375 2696 non
407 2627 575 2721 ingratum
608 2640 745 2713 tamen,
768 2626 971 2717 invenimus,
992 2658 1053 2728 per
1078 2662 1133 2707 me

65 2753 195 2845 quidem
208 2751 388 2845 scriptum,
405 2775 473 2818 non
490 2774 530 2817 ex
548 2774 611 2817 me.
630 2751 717 2819 Sunt
732 2749 791 2842 qui
809 2749 844 2818 id
859 2776 977 2845 poema
994 2772 1132 2850 putant,

65 2890 96 2943 et
113 2889 306 2953 constanter
328 2886 480 2943 asserunt
503 2871 632 2965 Orphei
657 2872 799 2967 OEagrii
825 2873 943 2943 foetum
965 2901 1035 2947 esse
1057 2906 1132 2976 per.

66 3000 262 3094 antiquum,
281 2996 375 3093 quod
396 3022 465 3065 non
487 2994 586 3066 semel
606 2996 679 3089 ipse
698 3010 848 3066 testatur.
875 2991 1037 3071 No'nnulli
1061 3031 1131 3077 cre·

66 3122 210 3193 dulitatis
239 3122 350 3216 impiae
380 3119 558 3190 criminant
590 3132 779 3204 auctorem,
799 3133 834 3187 et
862 3120 904 3188 ad
929 3138 1128 3223 metempsy-

66 3246 176 3317 chosin
206 3244 462 3341 Pythagoricam
495 3242 618 3313 referre
648 3239 775 3330 solent,
797 3256 835 3311 ut
863 3244 989 3316 scilicet
1017 3252 1129 3323 anima

66 3368 198 3439 Thracis
213 3368 342 3461 Orphei
358 3367 393 3435 in
411 3367 504 3436 hunc
517 3366 692 3461 Orpheum
712 3365 977 3441 transvolaverit.
991 3374 1035 3441 Hi
1054 3378 1129 3446 Sui·

67 3487 137 3557 dam
164 3513 309 3585 graecum
335 3488 551 3582 interpretem
581 3502 786 3583 sequuntur,
803 3488 883 3583 qui,
903 3516 944 3561 ex
960 3500 1128 3570 sententia

68 3610 285 3707 Asclepiadis,
304 3609 601 3685 diversumtamen
624 3611 666 3679 ab
689 3609 746 3678 illo
764 3610 937 3706 Theologo
964 3630 998 3684 et
1018 3620 1130 3716 Argo.

69 3750 163 3803 nauta
183 3734 275 3804 hunc
292 3734 468 3829 Orpheum
490 3749 623 3828 poetam
642 3733 809 3822 facientia,
828 3750 978 3830 tempore
996 3748 1128 3835 tyranni

69 3857 225 3927 Pisistrati
246 3855 419 3924 florentem
447 3857 543 3924 aiunt
572 3856 740 3953 scripsisse
768 3881 842 3950 quae
868 3874 998 3931 exstant
1018 3867 1130 3960 Argo.

69 3981 210 4071 nautica,
232 3980 451 4061 Decaeterias,
468 3978 642 4074 multaque
672 3979 707 4047 id
738 4006 851 4073 genus.
880 3982 1030 4055 AElianus
1048 3988 1129 4059 falsa

71 4126 162 4197 super
180 4104 320 4198 Orpheo
343 4118 463 4173 cuncta
489 4104 619 4173 censuit
644 4117 677 4171 et
702 4103 871 4194 fabulosa,
895 4111 1053 4202 quoniam
1075 4115 1129 4181 Bi-

127 4226 171 4292 ΙΙ.
961 4234 999 4297 18
