2859 4975
271 413 334 478 232
449 413 531 480 PlO
554 411 800 492 AUCTORE,
821 409 1171 476 SUPPLEMENTA

264 635 268 644 ἱ
311 551 486 640 Perpessus
505 547 573 616 nati
589 569 703 630 causa,
721 566 821 635 quem
835 544 890 610 dia
905 546 1044 610 Coronis
1148 610 1151 618 ,

311 665 470 754 Concepit
485 664 564 753 ripis
585 661 700 752 Amyri
719 662 834 752 pingui
854 662 889 726 i‘n
908 661 1049 726 Luceria.
1304 673 1340 711 1⁵·

354 779 430 844 Non
446 779 586 868 Minyis,
600 777 683 843 foeda
697 777 829 867 pollutis
848 775 952 858 caede,
968 775 1131 840 labantem

311 892 439 958 Gaudia
456 907 644 982 pertentant
661 893 828 975 animum,
845 891 989 958 Cerealia
1005 889 1110 974 dona,

311 1007 435 1098 Ingrati
451 1007 561 1073 latices
577 1007 695 1073 Bacchi
707 1033 717 1091 3
730 1007 811 1096 quin
827 1006 960 1071 naribus
973 1006 1100 1071 haerens

311 1125 409 1188 Teter
420 1123 506 1200 ‚odor
522 1123 657 1188 miseros
674 1123 798 1188 cnrdeli
814 1122 888 1187 tabe
903 1119 1047 1211 peredit,

309 1239 473 1304 semiusto
492 1239 695 1305 Phaethonte
706 1239 787 1305 Padi
802 1259 906 1328 prope
921 1238 1017 1303 dorsa
1030 1235 1199 1328 profundi.
1306 1252 1341 1292 1⁵⁵
1401 1260 1404 1355 q

313 1353 486 1443 Accipiunt
502 1355 599 1418 etiam
616 1353 777 1445 gemitum
794 1352 935 1444 lugentis
948 1352 1066 1417 acerbe
1402 1370 1405 1471 q

313 1467 486 1533 Heliadum
502 1469 627 1534 turbae:
643 1469 761 1534 harum
779 1469 882 1534 oculis
897 1469 924 1533 it
939 1467 1085 1533 tristibus
1099 1466 1234 1549 humor,
1404 1478 1405 1535 l

311 1581 453 1646 Palladio
473 1585 583 1671 quales
600 1597 736 1648 manant
751 1584 793 1649 de
810 1584 932 1649 cortice
947 1599 1058 1673 guttae.

355 1696 435 1760 Mox
458 1697 598 1778 abeunt,
614 1695 832 1785 Rhodanique
847 1712 958 1760 secant
974 1696 1135 1767 immensa
1150 1693 1285 1759 fluenta.

311 1811 372 1875 Hic
388 1826 498 1874 autem
514 1810 648 1876 Eridani
670 1834 813 1901 praeceps
832 1811 977 1877 illabitur
1000 1833 1152 1893 amnem,
1307 1829 1343 1870 ‚e

311 1927 353 1989 Et
367 1927 501 2005 junctus
518 1926 656 2016 strepitu
672 1927 758 2015 ripas
771 1925 924 2014 praeradit
937 1941 1056 2003 acuto,

312 2042 465 2106 Extrema
479 2043 613 2106 veniens
633 2042 767 2125 tellure,
784 2042 843 2106 uhi
861 2039 992 2106 eardine
1013 2057 1130 2130 operto

311 2157 396 2220 Sunt
410 2157 574 2247 caligantis
590 2173 692 2246 portae
706 2175 739 2222 et
755 2180 837 2223 caeca
855 2157 933 2222 atria
948 2156 1073 2240 noctis,

312 2271 407 2335 Unde
423 2270 542 2336 cadens
557 2293 699 2360 praeceps
715 2272 778 2335 hac
792 2273 888 2336 litora
905 2271 1009 2335 fertur
1026 2271 1068 2336 ad
1084 2271 1149 2334 ima

312 2385 498 2468 Turbidus,
521 2387 683 2474 Ionioque
700 2388 844 2450 fremens
860 2385 1038 2452 bacchatur
1052 2386 1088 2449 in
1103 2386 1188 2453 alto:
1307 2401 1341 2443 1⁶⁵

312 2502 389 2567 Illac
406 2500 566 2566 Sardoum
585 2501 699 2589 rapido
718 2503 800 2589 petit
818 2503 942 2590 impete
958 2517 1122 2592 pontum,

226 2692 229 2707 Ι
313 2616 500 2681 Flumineos
513 2616 623 2679 latices
642 2632 774 2705 septena
791 2638 852 2703 per
865 2616 946 2680 ostia
960 2617 1102 2681 mittens.

313 2731 376 2795 Per
396 2752 494 2817 quem
511 2729 607 2807 Graia
629 2731 702 2795 lacu
716 2730 794 2794 ratis
811 2746 860 2795 est
877 2752 938 2819 pro
957 2729 1081 2794 viribus
1097 2744 1167 2793 acta

314 2841 488 2931 Hyberno,
500 2844 621 2933 linquit
633 2843 714 2908 dum
731 2844 851 2909 Celtica
868 2866 945 2908 rura
956 2843 1112 2923 juventus

312 2959 487 3023 Thessala:
510 2958 615 3022 fertur
630 2960 720 3023 enim
737 2958 885 3023 sinuosas
902 2959 1063 3048 plurimus
1082 2958 1186 3053 undas
1308 2994 1343 3031 170

312 3077 437 3140 Intrare
451 3073 591 3156 Oceani,
608 3096 681 3162 quae
696 3076 724 3139 si
739 3074 885 3163 Pagasaea
903 3074 1044 3139 subisset

315 3190 435 3272 Navis,
454 3189 489 3253 in
505 3188 625 3281 ignotis
639 3189 812 3279 periissent
826 3188 979 3255 fluctibus
992 3212 1127 3273 omnes,

315 3306 427 3370 Visere
443 3329 504 3371 nec
517 3306 589 3369 noti
600 3308 787 3395 potuissent
799 3306 939 3394 aequoris
956 3327 1041 3371 oras.

355 3425 399 3487 At
415 3424 503 3486 luno
521 3421 599 3486 caelo
613 3420 793 3512 effulgens,
818 3422 963 3508 caeloque
978 3422 1127 3487 relabens

313 3539 352 3600 In
370 3552 488 3618 terras,
506 3536 597 3601 dedit
611 3536 777 3624 Hercynio
792 3534 835 3599 de
853 3535 972 3601 vertice
987 3536 1141 3626 signum,
1308 3553 1343 3605 ¹7⁵

312 3649 410 3714 Unde
426 3651 533 3714 omnis
549 3672 708 3715 concussa
725 3650 843 3714 cohors
859 3650 1036 3715 formidine
1051 3652 1143 3717 vasti*
1196 3704 1199 3707 .

314 3765 489 3848 Clamoris,
509 3766 714 3856 graviterque
732 3765 799 3830 deae
813 3789 941 3831 summa
958 3789 1032 3831 arce
1048 3767 1209 3833 tonantis.

314 3880 438 3944 Heroes
460 3880 528 3944 caeli
547 3880 676 3944 monitu
691 3881 835 3965 rediere,
849 3882 1005 3971 viamque

315 3996 507 4082 Agnoscunt
521 3991 638 4079 fidam,
660 4009 693 4057 et
708 3995 852 4060 melioris
875 3995 1013 4085 gurgitis
1030 3996 1147 4061 undas.

314 4108 423 4173 Litora
443 4108 603 4173 continuo
623 4108 737 4197 rapido
757 4110 900 4175 allatrata
918 4110 1085 4199 profundo
1310 4118 1346 4156 ¹⁸⁰
