2859 4975
267 423 665 488 ARGONAUTICON
695 424 782 487 LIB.
808 425 911 488 VIII.
1071 425 1131 520 393

97 558 247 643 Quaeque
264 554 317 623 die
335 555 442 620 fuerat
461 557 580 645 raptim
597 555 735 642 formata
754 557 816 621 sub
838 580 928 638 uno,

96 674 136 736 Et
153 687 288 735 tantum
305 668 428 750 dejecta
445 671 511 734 suis
528 695 546 733 a
561 671 733 735 montibus
750 671 859 752 arbor,

96 785 201 874 (Quid
217 785 313 850 dolor
329 800 362 848 et
376 801 523 849 veterum
539 786 647 875 potuit
666 809 735 850 non
753 789 799 851 ira
817 787 1007 875 viroruml)
1095 818 1133 857 ²90

96 902 194 968 Haud
209 901 316 990 longis
331 900 397 980 jam
411 901 508 966 distat
521 903 630 990 aquis,
651 903 864 989 sequiturque
880 903 1043 972 volantem

17 1067 18 1076 ,
96 1019 237 1083 Barbara
252 1015 424 1080 Palladiam
441 1016 578 1106 puppim
596 1017 690 1099 ratis,
710 1016 793 1081 ostia
808 1016 916 1088 donec

97 1133 242 1199 Danubii
258 1132 462 1220 viridemque
478 1131 592 1196 vident
605 1148 680 1196 ante
695 1133 778 1196 ostia
792 1132 940 1215 Peucen,

98 1251 288 1338 Ultimaque
303 1265 487 1337 agnoscunt
502 1249 604 1337 Argoi
622 1270 748 1312 cornua
763 1249 849 1313 mali.

97 1369 182 1432 Tum
202 1388 281 1431 vero
299 1365 474 1428 clamorem
493 1385 608 1427 omnes
627 1363 826 1451 inimicaque
841 1365 962 1429 tollunt
1095 1385 1132 1438 295

98 1480 247 1562 Gaudia3
267 1496 340 1544 tum
356 1479 487 1568 gravior
502 1478 600 1542 remis
617 1478 738 1566 fragor,
756 1494 794 1542 ut
809 1481 925 1566 procul
941 1482 1029 1571 Argo

99 1598 177 1662 Visa
192 1597 475 1682 vitis,unamque
493 1609 612 1681 petunt
632 1610 737 1658 rostra
754 1595 865 1658 omnia
880 1596 1029 1684 puppim.

97 1713 255 1799 Princeps
273 1711 417 1776 navalem
434 1707 551 1772 nodosi
573 1708 700 1772 roboris
720 1731 845 1773 uncum

99 1827 244 1914 Arripit,
267 1841 300 1889 et
317 1825 414 1913 longa
430 1822 536 1888 Stirus
552 1839 739 1912 prospectat
756 1824 798 1887 ab
818 1823 928 1906 unda,

100 1941 267 2031 Coniugio
283 1956 381 2028 atque
400 1940 519 2004 iterum
540 1961 668 2026 sponsae
684 1937 867 2003 flammatus
885 1963 1006 2006 amore.
1097 1960 1136 1998 ιω

99 2059 242 2144 Jamque
257 2055 310 2118 alii
326 2055 456 2142 clypeos
473 2070 505 2116 et
520 2054 582 2116 tela
602 2053 735 2117 trabalia
753 2053 874 2118 dextris

40 2199 50 2214 ·
99 2169 313 2260 Expediuut3
337 2183 465 2231 armant
482 2168 534 2231 alii
551 2167 630 2256 picis
648 2168 796 2257 unguine
814 2167 967 2236 flammas.

59 2368 94 2433 gis
104 2369 163 2435 jam
190 2366 268 2415 distat
286 2366 359 2430 apriis
372 2365 460 2430 (laud
479 2365 574 2435 jungas
620 2369 691 2432 Argo
704 2382 777 2416 nnnc
789 2375 844 2417 tota
857 2368 1002 2429 visa-uiris,
1012 2388 1137 2437 unamque

59 2455 92 2520 τῷ
108 2446 221 2514 distat),
239 2461 322 2515 parvo
343 2443 471 2515 temporis
492 2443 574 2496 inter·
614 2457 705 2513 patrant
717 2457 796 2496 rastra
814 2448 899 2496 arania
910 2434 1021 2515 prppria.
1035 2450 1136 2522 Incipi-

59 2526 124 2578 vallo
138 2523 206 2577 inde
219 2542 235 2577 a
250 2521 380 2575 Colchide
393 2522 468 2576 haud
482 2522 575 2594 procul
620 2541 679 2577 mut
691 2522 786 2577 timere
795 2528 842 2576 aui
851 2526 930 2589 navi,
939 2547 1021 2599 quam
1034 2549 1135 2591 omnes,

59 2605 128 2657 abest
143 2604 181 2657 ab
194 2601 311 2657 Danubii
323 2602 405 2654 ostiis.
619 2614 674 2655 tam
686 2605 776 2656 multae
787 2602 953 2658 adoriuntur.

92 2701 150 2752 ²9⁰·
163 2686 233 2751 Quid
245 2686 318 2734 dolor
334 2696 358 2733 et
375 2696 485 2734 ueterum
498 2682 576 2749 potuit
655 2684 713 2748 ²98·
725 2685 846 2751 Princeps,
855 2684 970 2753 primus,
984 2681 1069 2740 Stirur
1079 2707 1135 2741 non

59 2782 105 2815 aaa
124 2768 166 2815 ira
184 2766 295 2815 vimnau
305 2771 319 2812 θ
331 2762 414 2814 Totus
428 2759 574 2813 versiculus
618 2760 866 2833 Absyrtusaavalem
874 2782 963 2814 uncum
971 2767 1061 2816 nodosi
1067 2771 1136 2817 mbo-

59 2842 171 2913 glossam
183 2842 261 2913 sapit.
619 2843 652 2891 ris
662 2845 772 2912 (quum,
784 2860 843 2912 quae
853 2843 964 2913 posteris
974 2846 1137 2916 temporibus

93 2940 154 2990 ²9²·
170 2922 312 2974 Palladiam
326 2922 438 2988 puppim,
458 2918 493 2970 ab
516 2918 573 2987 ipsa
618 2918 654 2973 ad
667 2919 792 2972 hostilem
804 2938 900 2973 navem
912 2922 1096 2977 attrahendam
1107 2926 1137 2979 in

58 3001 181 3054 Minerva
194 3009 354 3071 exstructam
372 3000 480 3069 ejusque
493 2994 574 3047 tutela
619 2998 695 3052 bellis
708 2999 849 3053 navalibus
861 2999 1063 3069 adhiberentur,
1076 3023 1134 3057 rna·

59 3080 211 3143 firmatam,
233 3078 401 3152 persequitur
425 3077 554 3148 Absyrtus
565 3091 573 3137 ;
620 3098 669 3132 nus
681 3078 788 3144 ferreae,
800 3079 981 3151 harpagones,
995 3082 1135 3152 Argonau-

59 3160 130 3214 ridet
140 3162 262 3220 aradam,
274 3159 374 3222 laetam,
387 3156 497 3209 insulam
511 3161 574 3213 teu·
618 3169 705 3210 tarum
714 3157 783 3209 aetati
795 3178 849 3210 nou
859 3160 1047 3227 convenirent,
1062 3162 1136 3215 haud

59 3260 116 3301 een,
127 3254 155 3293 et
168 3241 256 3291 ultima
273 3256 367 3293 cornua
383 3238 459 3298 mali,
473 3235 511 3286 nil
522 3232 575 3285 nisi
618 3236 705 3309 inepte
718 3249 827 3289 contum
837 3240 1054 3301 roboreum,non
1063 3252 1136 3308 arte,
1153 3238 1161 3256 ¹

60 3332 186 3376 antennas
197 3316 382 3389 conspiciu-
391 3315 460 3367 Ratis
471 3314 524 3366 hoc
535 3314 575 3365 lo·
619 3314 667 3370 sed
683 3316 790 3387 abipsa
805 3329 902 3369 natura
918 3317 947 3368 in
964 3336 1065 3371 uncum
1078 3320 1136 3372 effi-

60 3418 90 3452 co
113 3418 172 3453 non
197 3410 312 3462 temere,
334 3386 364 3447 ht
385 3394 499 3466 passim,
522 3412 574 3465 pro
619 3408 690 3450 ctum
700 3408 777 3467 poeta
787 3396 968 3465 dirit)amp1‘t,
981 3402 1137 3467 etloagaab

62 3482 127 3531 navis
151 3477 269 3539 dicitur;
299 3474 346 3527 sed
368 3477 474 3525 barbara
498 3476 574 3533 ratis,
618 3482 697 3538 uada,
707 3476 812 3529 eminus
820 3476 923 3542 adbuc,
930 3478 986 3548 jam
994 3494 1137 3546 prospectat

62 3559 156 3623 idest,
170 3557 308 3629 navigium
318 3554 437 3607 trabibus
451 3554 577 3607 connexis
620 3559 709 3616 Stiuas,
727 3576 760 3607 an
779 3556 847 3608 forte
864 3555 987 3609 Medeam
1003 3577 1078 3611 suam
1094 3561 1136 3613 vi·

62 3648 159 3691 temere
174 3640 275 3692 factum
292 3648 318 3689 et
330 3634 514 3700 inconditum,
527 3654 577 3705 op·
620 3636 702 3689 deudi
720 3636 796 3706 copia
814 3636 904 3698 detur,
924 3640 1041 3705 conjpgio
1063 3654 1138 3709 atque

63 3719 168 3785 ponitur
190 3719 312 3770 Palladiae
328 3718 418 3785 puppi,
440 3714 577 3786 grandiori
621 3718 706 3767 itemm
720 3718 969 3784 spoasaeflammatus
984 3736 1076 3770 amore.
1088 3722 1139 3774 En.

63 3798 115 3849 soil.
131 3798 238 3869 navigio
250 3798 349 3851 affabre
361 3797 500 3849 fabricato.
513 3796 566 3847 En.
660 3796 719 3847 301.
734 3798 791 3845 Tela
807 3797 928 3855 trabalia,
943 3794 1031 3849 hastas
1046 3804 1138 3854 crassi·

98 3877 159 3945 ²9⁵·
173 3884 233 3928 Tam
251 3897 312 3929 vero
331 3881 460 3928 clamorem
479 3889 503 3926 et
512 3894 578 3943 gara·
622 3875 658 3927 tie
671 3884 696 3925 et
709 3872 875 3943 longitudine
892 3875 1012 3929 trabibus
1025 3881 1138 3950 aequales

63 3960 118 4017 dia,
137 3958 227 4011 latum
240 3956 384 4009 clamorem
402 3954 517 4015 tolluut,
531 3954 578 4006 sed
622 3954 712 4021 (conf.
722 3953 816 4019 virgil.
833 3958 895 4005 AEn.
911 3956 974 4022 XII,
991 3964 1078 4029 294),
1094 3984 1139 4014 ιχ.

63 4041 163 4089 inimica
186 4038 299 4105 gaudia,
325 4033 398 4104 quod
414 4038 471 4101 jam
498 4034 526 4085 iu
546 4052 578 4086 eo
618 4036 865 4102 peditanarmaat,
878 4036 1137 4108 oblinunt,aliipieis

64 4128 156 4179 erant,
169 4128 200 4167 ut
212 4115 280 4167 iram
293 4114 442 4184 explerent:
454 4128 504 4163 tum
516 4133 578 4181 gra·
623 4116 743 4180 unguine,
760 4113 819 4183 pice
838 4114 994 4185 liquefacta,
1003 4121 1135 4181 flammas,

64 4202 115 4247 viar
127 4198 200 4245 remis
211 4195 309 4263 fragor
324 4191 440 4257 auditur,
454 4208 482 4243 ut
492 4198 581 4259 procul
625 4192 703 4245 faces.
727 4192 769 4245 Sic
785 4194 884 4263 seruam
904 4214 1005 4245 amare
1025 4218 1137 4261 aeaeae,

155 4293 198 4357 II.
967 4280 1005 4355 til
