2859 4975
304 438 748 517 ansouaurrcou,
771 438 865 501 mn.
889 438 931 500 x.
1091 431 1154 498 265

125 574 196 637 Huc
210 572 354 636 alternus
371 587 404 635 et
419 570 486 636 huc
499 586 694 636 convertens
715 569 808 648 sibila
823 568 927 650 colla,

125 686 341 776 Scintillaeque
359 685 482 749 micant
499 682 647 774 flagranti
663 683 789 746 lumine
807 682 949 747 crebras:
1114 705 1154 745 sas

124 803 175 868 Sic
187 804 334 892 Pagasaea
352 801 429 866 ratis
445 799 636 866 Tritonidos
653 823 711 864 ora
723 797 852 887 paludis

123 915 210 977 Dum
226 911 327 1002 petit,
354 913 479 976 incerto
498 924 618 976 nutans
632 908 866 997 seeat'aequora
883 906 998 973 fluctu.

122 1027 288 1094 Continuo
307 1024 469 1115 tripodem
487 1024 621 1106 Phoebi,
639 1045 738 1112 quam
755 1022 845 1087 navis
860 1021 988 1110 agebat,

121 1142 279 1207 Thracius
295 1157 409 1208 exorat
424 1156 513 1204 vates
526 1139 693 1229 deponere
711 1137 794 1202 divis

123 1256 304 1346 Indigenis,
324 1255 441 1344 Libyes
457 1270 496 1318 ut
512 1255 649 1318 numina
665 1265 753 1319 sa'cra
772 1253 894 1341 piaret,

123 1373 167 1436 Ut
183 1371 325 1436 reditum
341 1355 496 1459 praestent
511 1369 654 1453 facilem,
673 1383 854 1456 ventosque
868 1365 1052 1448 secundos,

120 1487 237 1572 Quum
254 1487 364 1552 subito
380 1485 523 1550 occurrit
535 1484 670 1566 juvenili
683 1506 822 1573 corpore
834 1483 966 1564 Tbiton,

123 1604 285 1684 Caeruleos
303 1600 453 1666 madidus
469 1600 591 1682 crines,
608 1599 803 1689 Minyasque
815 1600 954 1664 salutat:

164 1719 361 1808 «suscipite,
378 1740 398 1781 ο
411 1717 564 1798 juvenes,
580 1714 732 1779 immensi
748 1715 867 1804 pignus
886 1713 1019 1796 amoris,

121 1832 329 1921 Hospitiique
345 1829 461 1910 fidem3
477 1851 554 1894 nam
569 1829 674 1919 longis
691 1828 797 1892 incola
811 1829 904 1894 terris

122 1947 229 2011 Multa
247 1947 330 2010 solet
347 1967 466 2033 cupere
483 1940 647 2009 interdum
664 1942 784 2032 quibus
801 1942 926 2032 indiget
940 1965 1030 2007 usus.

120 2059 234 2124 Dicam
248 2057 417 2147 equidem,
435 2072 468 2121 et
481 2057 574 2122 dictis
591 2063 684 2122 curas
701 2057 838 2120 fortasse
850 2056 976 2121 levabo

122 2172 322 2237 Prudentem
336 2173 442 2262 pelagi
459 2172 536 2238 fecit
553 2194 607 2236 me
623 2187 730 2236 rector
743 2193 920 2259 aquarum,

122 2289 163 2352 Et
177 2287 314 2376 Libycas
334 2303 498 2375 sceptrum
515 2303 629 2369 teneo,
649 2287 778 2376 regina,
795 2309 854 2375 per
871 2309 955 2352 oras.

119 2401 258 2485 Audite,
273 2401 407 2466 heroes:
424 2401 541 2491 Libya,
559 2402 688 2466 nutrice
701 2400 862 2484 ferarum,

24 2552 26 2567 ι
121 2516 312 2605 Eurypylon
327 2516 474 2607 genitum
487 2516 580 2582 vobis
594 2516 733 2581 invisere
746 2531 908 2605 praestat.»

162 2630 216 2695 Sic
231 2630 335 2714 fatus3
352 2630 453 2719 glebae
466 2628 612 2697 dextram
627 2631 830 2719 superinjicit
845 2652 920 2695 acer

124 2742 259 2809 Talibus
271 2744 465 2833 Euphemus
476 2744 583 2809 uerbis
602 2744 710 2835 gravia
726 2768 783 2810 ora
800 2748 983 2810 resolvens:

164 2857 293 2947 «Apide
309 2858 336 2922 si
353 2859 439 2923 nosti
454 2874 592 2941 terram,
610 2858 811 2948 pelagusque
825 2873 978 2923 vocatum

121 2972 260 3054 Minois,
277 2981 368 3037 certo
380 2972 499 3039 referas
513 2995 603 3037 nunc
619 2988 769 3060 pectore,
779 2973 915 3053 Triton3

121 3088 194 3150 Huc
211 3085 325 3151 cursus
341 3086 405 3150 fuit
415 3086 554 3152 invims:
571 3108 630 3175 per
643 3086 808 3174 inhospita
820 3087 971 3175 cymbam

121 3199 246 3281 Litora,
265 3214 424 3265 certantes
438 3201 562 3283 Euros,
573 3199 782 3287 tumidasque
793 3201 972 3288 procellas,

123 3312 312 3394 Traximus,
324 3312 425 3401 inque
440 3328 511 3379 tuas
523 3314 617 3381 terris
633 3314 802 3381 enavimus
816 3314 933 3381 undas.

121 3424 187 3526 Nec
205 3425 320 3514 pelago
338 3426 458 3491 scimus
474 3428 626 3516 Pelopeia
642 3451 755 3493 rursus
771 3428 862 3493 adire

122 3539 266 3629 AEquora
282 3539 323 3605 ab
337 3541 468 3631 ignoto,
480 3542 657 3632 Libyaeque
671 3541 870 3632 palustribus
884 3543 960 3608 oris.
976 3574 989 3599 ι

164 3656 255 3719 Talia
269 3655 390 3721 dicenti
403 3656 515 3721 divino
533 3658 669 3722 numine
678 3658 793 3723 Triton
816 3683 820 3690 ·

127 3770 307 3859 Angustum
323 3786 464 3835 ostentat
478 3772 629 3837 manibus
645 3772 818 3859 verbisque
834 3770 1055 3860 profundum:

164 3913 176 3937 ιι
189 3884 302 3947 Exitus
317 3884 372 3950 hic
385 3886 479 3973 ponti
494 3902 559 3967 est,
574 3887 632 3950 ubi
648 3909 777 3976 semper
792 3888 908 3951 caerula
922 3902 1057 3975 torpent
1163 3959 1165 3968 Ι

125 3998 255 4062 Incertis
271 4000 550 4087 utrinque‘vadis,
568 4000 625 4065 ubi
644 4002 757 4065 tollere
775 4018 892 4089 portus

124 4108 261 4177 Nomine
274 4113 455 4202 splendoris
469 4114 553 4179 fama
567 4132 633 4197 est,
650 4114 755 4180 media
769 4138 898 4203 aequora
913 4114 1021 4179 fractis
1110 4132 1149 4186 ⁵³⁵
