2859 4975
251 399 331 482 '220
378 418 431 483 tu
463 416 551 482 utu.
576 416 810 483 ocrtvuu
838 389 1253 483 Auuouturtcoit

268 536 317 589 232
331 553 369 608 eq.
381 546 409 588 et
418 535 484 601 Vll,
497 534 561 600 635,
572 547 666 589 neutro
677 546 767 590 tumen
782 535 842 590 loco
856 547 911 588 tem
922 532 1043 606 copiose,
1052 551 1133 605 quum
1144 547 1239 588 noetro
1247 570 1257 595 ,
1266 535 1341 605 cujus

267 637 331 691 ergo
343 618 448 690 cingula
462 617 631 672 videamus.»
648 649 683 660 -
700 618 825 692 Sequitur
837 619 1023 691 interpretatio
1033 637 1114 690 quum
1125 617 1188 671 vide
1201 635 1265 689 pag.
1283 618 1341 669 188.

266 700 365 837 gridii1
366 719 488 837 vvegegtn
513 720 580 774 quoe
604 702 745 756 hocloco
771 701 864 757 laudet
886 704 1056 774 waganon,
1079 701 1125 756 hic
1151 702 1342 774 apposuimus,

291 794 339 838 aet.
395 820 403 846 ,
451 803 485 855 7:

367 881 368 885 ’
422 897 464 946 nt
474 899 553 954 toene,
565 898 701 947 innuerim
711 915 758 961 qa·
772 899 877 947 tainu·
887 899 966 947 nunz
980 900 1063 953 um,

454 975 581 1022 Etnomen
589 989 676 1037 magno
687 973 984 1038 perdltnbemnemiuor:
1119 967 1125 980 ⁴

425 1047 477 1095 Illic
487 1064 609 1111 purpureo
619 1065 692 1098 ctum
703 1065 758 1096 cum
768 1060 834 1098 reete
844 1052 952 1099 noerdoe

455 1122 561 1170 Almonle
574 1123 694 1172 (lominum
705 1139 819 1187 neuque
830 1126 888 1174 itrlt
899 1127 974 1189 equit.

304 1251 338 1302 V.
350 1251 409 1315 243.
423 1255 500 1314 Inde,
516 1256 559 1305 ubi
569 1257 697 1326 sucnficae
712 1273 768 1306 eum
781 1255 884 1321 conjuge
895 1253 966 1302 venit
977 1254 1015 1302 ad
1022 1269 1082 1302 orat

428 1339 571 1398 AEtontkies,
582 1357 681 1406 unaque
695 1341 802 1398 adeunt,
811 1338 957 1405 pariterque
965 1335 1068 1403 precari

430 1423 567 1489 Incipiunt,
580 1424 661 1492 ignem
670 1425 764 1474 Pollux
775 1424 917 1487 undamque
923 1421 1038 1488 jugalem

429 1506 554 1567 Praetulit,
565 1519 594 1557 ut
603 1509 721 1558 deutrum
727 1507 828 1575 pariter
839 1517 971 1556 uertuntur
981 1505 1008 1554 iu
1018 1505 1108 1554 orbem.

270 1659 283 1680 a
292 1634 394 1708 Pompe
407 1635 434 1688 in
448 1636 578 1709 templum
588 1636 670 1690 ducta
681 1655 766 1709 quum
779 1636 806 1688 iu
822 1633 886 1688 nevi
898 1633 941 1688 vel
951 1632 1029 1686 litore
1043 1630 1131 1685 locum
1145 1648 1200 1683 non
1220 1629 1348 1692 haberet,
1415 1658 1416 1707 3

270 1721 308 1768 ad
317 1736 391 1771 arum
403 1719 500 1786 ducta,
513 1739 563 1770 una
576 1723 682 1772 ueniunt
695 1723 733 1770 ad
743 1739 815 1780 aras,
824 1720 970 1787 pariterque
974 1718 1077 1785 precari
1086 1717 1214 1782 incipiunt.
1227 1713 1350 1768 Proelere
1415 1720 1416 1773 l

257 1795 350 1856 'butttr
362 1805 425 1872 ignis
438 1819 462 1855 et
472 1805 661 1872 aquancem
675 1804 802 1874 preferre
815 1801 917 1856 solebat
931 1819 997 1871 puer
1008 1798 1154 1871 patrimus,
1167 1800 1245 1870 cujus
1258 1817 1349 1870 pereo·

270 1901 334 1936 nam
354 1903 427 1939 nunc
444 1885 573 1940 sustinere
591 1886 731 1940 Pollucem
754 1885 865 1939 fortasse
880 1882 1004 1936 Valerius
1018 1883 1095 1955 jubet
1111 1882 1173 1934 lusu
1189 1881 1349 1942 verborum,

271 1984 340 2038 puer
361 1966 433 2021 euim
455 1968 502 2023 ille
523 1969 664 2024 dicebatur
678 1974 789 2038 proeluae.
804 1995 816 2014 ι

310 2048 353 2102 Sic
366 2051 531 2122 Wagnerut.
553 2052 641 2107 Credo
661 2053 750 2125 potine
769 2071 802 2105 ea
818 2061 907 2104 mente
921 2047 1060 2102 valerium
1077 2066 1162 2100 unum
1183 2047 1351 2102 eDioecurit

269 2135 403 2199 proelucem
422 2134 548 2206 elegisse,
568 2135 642 2207 quod
658 2154 752 2189 eorum
769 2135 852 2188 fronti
863 2136 1018 2203 proelucebat
1034 2131 1123 2197 stella,
1143 2144 1173 2185 ut
1194 2131 1352 2204 plerumque

273 2213 378 2285 lingunt
386 2229 471 2288 poete
480 2237 488 2282 ;
497 2219 672 2282 sirVelenV,
686 2220 737 2289 367
747 2234 882 2286 :astroque
892 2231 1016 2269 comantes
1031 2219 1192 2282 Tyndaridas·

310 2298 353 2354 Sic
369 2300 456 2372 pergit
464 2302 639 2374 Wagnerus:
658 2327 670 2350 ι
685 2302 769 2355 Porro
788 2313 951 2354 memoratur
968 2302 1105 2350 adoratio.-
1118 2298 1244 2352 dextrum
1256 2300 1353 2372 puriter

274 2393 416 2436 vertuntur
429 2384 456 2437 in
469 2386 563 2438 orbem
572 2403 580 2449 ;
590 2384 682 2452 dextra
697 2386 768 2438 enim
782 2385 817 2439 ud
830 2403 860 2438 oe
874 2382 961 2451 (uude,
969 2385 1113 2452 adoratio),
1134 2380 1244 2437 admota
1258 2402 1353 2452 corpus

243 2520 245 2525 .
274 2466 498 2541 circumagebant.
512 2469 610 2524 Plinius
621 2510 628 2537 ,
645 2468 711 2524 llist.
723 2471 782 2523 Nat.
794 2467 933 2535 XXVIII,
956 2486 970 2520 r
984 2483 990 2519 :
1006 2469 1032 2517 ln
1044 2468 1176 2518 adorando
1189 2469 1312 2519 dextram
1322 2469 1355 2518 ad

275 2554 384 2603 osculum
394 2553 535 2621 referimuer
546 2568 624 2605 totum
633 2573 721 2621 corpur
731 2555 926 2622 cucumagimus·
938 2550 1019 2603 Plura
1029 2550 1075 2622 qui
1086 2550 1160 2621 cupit
1166 2592 1174 2618 ‚
1183 2550 1264 2604 adeat
1275 2552 1353 2605 inter·

275 2644 363 2705 pretet
373 2635 407 2689 etl
415 2637 534 2692 suetonii
543 2637 634 2691 Vitell.
647 2638 712 2691 11..
830 2703 832 2706 Ι

310 2718 465 2790 Legendum
484 2738 579 2774 censeo
594 2737 601 2773 :
623 2721 898 2793 et'dextrumpariter
911 2734 1040 2772 uenuntru
1051 2720 1080 2772 in
1094 2720 1196 2772 orbem.
1213 2719 1289 2773 Vide
1302 2739 1354 2773 var.

274 2800 336 2854 lect.
346 2801 501 2875 Heinsiique
512 2816 614 2859 uotam.
629 2805 800 2859 Burmannus
813 2806 841 2857 iu
854 2805 928 2857 hunc
939 2821 1042 2857 morem
1056 2804 1113 2856 hnc
1126 2814 1203 2857 notat
1217 2822 1225 2856 ε
1247 2832 1262 2851 ι
1276 2812 1355 2859 Recte

277 2884 340 2937 Pius
347 2886 516 2955 ‚Materiam
529 2900 556 2941 et
564 2888 714 2956 Weitziue‚
729 2889 788 2942 hnc
804 2889 838 2943 de
850 2892 1009 2947 adoratione,
1022 2888 1050 2940 iu
1063 2906 1117 2959 qua
1130 2906 1161 2941 se
1171 2890 1316 2942 vertebant
1329 2888 1355 2940 in

278 2967 403 3024 dextrum
417 2973 525 3040 orbem,
543 2974 564 3027 ei
585 2974 644 3028 leete
662 2986 740 3027 erunt
757 2991 851 3037 tacte,
871 2972 1074 3045 explicuerunt:
1093 2985 1120 3026 et
1138 2972 1228 3025 omnia
1249 2971 1285 3026 de
1307 2973 1356 3025 hoc

278 3052 332 3106 ritu
350 3055 445 3123 obvia,
469 3058 497 3111 iu
513 3058 631 3111 trictibus
648 3070 674 3113 et
690 3059 808 3113 funereis
825 3058 922 3121 enoris,
932 3057 959 3109 in
971 3056 1107 3109 sinistrum
1117 3075 1145 3109 ee
1153 3056 1265 3110 vertisse
1277 3082 1304 3110 ι.

312 3138 355 3193 Sic
365 3140 463 3196 deinde
471 3142 638 3215 Wagner-us:
651 3169 665 3193 ι
675 3144 732 3197 Nec
743 3146 856 3212 auspicia
869 3140 1028 3203 defuerunt,
1042 3141 1099 3194 eine
1113 3141 1210 3212 quihus
1228 3141 1302 3193 nihil
1318 3142 1357 3194 vel

277 3221 384 3293 publice
393 3226 436 3279 vel
450 3225 574 3299 privatim
587 3228 730 3299 ugehntur3
750 3227 844 3281 confer
860 3226 917 3280 Cic.
936 3224 970 3278 de
988 3224 1101 3278 Divinae.
1118 3227 1147 3289 1,
1161 3228 1209 3288 16,
1230 3238 1256 3279 et
1265 3226 1357 3280 Valer.

279 3306 349 3363 Max.
359 3309 404 3374 11,
417 3328 439 3363 1.
453 3311 522 3384 Apte
533 3310 613 3384 igitur
625 3322 704 3383 poete
716 3309 825 3382 euspicii
841 3309 884 3363 vel
897 3308 986 3381 potine
1001 3307 1085 3361 thurin
1105 3306 1229 3361 adolendi
1245 3310 1358 3363 cerimo-

279 3389 350 3445 niem
362 3394 477 3467 assignet
489 3402 577 3465 Mopso
590 3395 703 3467 auguri,
716 3394 763 3467 qui
773 3406 860 3447 temen
876 3392 961 3447 tristia
973 3391 1062 3445 omnia
1072 3390 1180 3445 videbat
1191 3392 1320 3465 portendi
1329 3419 1347 3442 ι.

315 3534 349 3588 V.
362 3536 423 3590 263.
434 3539 570 3605 Ditemque
577 3532 691 3604 prement
700 3538 809 3587 clamore
817 3552 935 3586 sororem.
946 3563 981 3573 -
991 3536 1025 3587 tt
1035 3549 1149 3600 premens
1159 3533 1270 3581 elamore
1282 3548 1359 3585 vene·

281 3617 344 3671 toris
356 3616 474 3688 predum
487 3618 609 3673 sectantis
621 3617 765 3689 imaginem
773 3616 961 3689 prebetvirg.
972 3614 1070 3686 Georg·
1082 3613 1137 3677 111,
1150 3614 1202 3677 413
1214 3632 1221 3666 ε
1233 3620 1359 3683 Ingentem

281 3701 396 3755 clamore
408 3720 513 3774 premes
524 3706 562 3755 od
573 3705 636 3755 retia
649 3722 760 3765 cereum
771 3715 799 3756 et
809 3703 871 3754 AEn,
883 3701 912 3765 1,
928 3700 1004 3766 324..

315 3860 352 3913 V.
369 3862 427 3926 »64Ι
442 3864 524 3929 Atque
534 3862 608 3913 lone.
621 3892 656 3901 -
670 3858 831 3932 Legendum
844 3858 928 3912 forte:
941 3864 1021 3926 Usque
1034 3859 1107 3907 nune.

319 4012 353 4063 V.
366 4013 427 4066 286,
437 4017 531 4079 Perque
543 4013 604 4063 rutt't
612 4014 714 4079 supplex
724 4030 779 4063 uox
788 4012 885 4079 rengis
894 4012 939 4061 itta
948 4010 1124 4077 magistron-
1130 4032 1143 4051 ιι
1150 4006 1242 4057 Lucus
1250 4004 1360 4067 similis,

285 4097 333 4159 IV,
349 4098 414 4167 647,
427 4093 472 4147 sed
492 4104 582 4147 notter
595 4093 771 4167 depravatus,
782 4095 826 4147 cui
844 4112 899 4147 uon
919 4104 1002 4145 unatn
1018 4092 1106 4145 lehem
1119 4088 1309 4161 ndepereerunt
1328 4088 1360 4140 ti-

285 4179 377 4233 brerii.
394 4177 477 4232 Varie
496 4189 631 4232 tentarunt
649 4178 822 4251 interpretes,
841 4189 870 4231 ut
891 4176 972 4230 nitori
995 4194 1044 4230 ruo
1061 4177 1151 4230 locum
1172 4173 1358 4235 restituerent,
