2859 4975
353 341 358 350 ‘
449 349 826 448 Aneouaurma.
1113 349 1175 414 303

187 486 382 551 Admonitos
397 484 491 564 jubet
503 483 558 548 hic
580 485 717 546 Ancaeus
733 479 871 546 eandida
890 483 994 548 multo
1057 549 1062 557 ,

150 602 315 690 stringere
332 597 478 664 demissis
494 599 645 662 antennis
662 598 792 663 carbasa
810 619 911 678 nexu,

144 718 268 782 Malum
287 737 414 802 aequare
431 713 509 794 rati,
534 713 738 802 puppimque
756 713 920 801 impellere
936 713 1044 776 remis.

143 833 305 898 Fluminis
322 849 356 896 at
367 847 544 920 postquam
561 828 735 916 tranquilla
752 849 883 915 perora
897 828 1018 916 recepti
1138 842 1176 892 7⁵⁵

144 948 307 1034 Venimus
319 947 413 1027 hinc,
433 947 535 1009 muris
548 933 657 1012 AEetae'
667 945 775 1008 cincta
792 943 940 1031 superbis

145 1063 248 1152 Regia
267 1077 441 1151 spectatur,
458 1083 574 1124 nemus
593 1074 625 1123 et
642 1079 708 1146 quo
731 1059 848 1123 vellere
865 1059 956 1147 pellis
999 1088 1001 1093 ·
1063 1066 1068 1077 ’

144 1178 250 1241 Fulvo
269 1176 447 1265 glaudinem
462 1175 537 1264 sago
552 1197 708 1262 suspensa
724 1173 856 1238 nitebat.

143 1292 197 1356 Sic
212 1291 258 1356 illi
276 1292 327 1354 his
344 1291 470 1355 cunctis
484 1289 601 1354 intenti
617 1289 715 1353 rebus
731 1288 880 1377 agebant.

187 1411 229 1472 At
246 1429 358 1471 secum
372 1404 546 1490 AEsonides
565 1404 676 1468 animo
695 1425 794 1490 quam
813 1404 917 1466 multa
934 1403 1102 1484 volutans,
1135 1420 1176 1471 7⁶⁰

143 1519 195 1584 Ad
212 1519 341 1608 Minyas
358 1518 543 1584 fidoscomi
559 1519 608 1584 sic
622 1541 702 1582 voce
724 1518 903 1605 loquutus:

144 1633 277 1697 Praestet
291 1656 331 1696 an
349 1631 452 1696 AEetae
468 1655 642 1721 properare
659 1609 701 1696 ad
719 1631 837 1695 moenia
852 1631 959 1694 solum

145 1747 197 1811 Ab
213 1747 361 1835 reliquis,
379 1747 567 1835 blandoque
581 1746 709 1810 homini
723 1744 859 1809 suadere
874 1744 1013 1824 laboret,

144 1865 194 1926 An
217 1884 330 1926 secum
346 1862 441 1927 sociis
457 1861 578 1942 junctis
597 1860 753 1924 heroibus
768 1859 839 1922 iret.

185 1981 271 2043 Tum
285 2001 363 2043 vero
379 1976 468 2042 haud
484 1977 605 2065 placuit
618 1975 738 2065 Minyis
754 1975 802 2038 ire
821 1974 975 2039 omnibus
990 1998 1065 2037 una.
1134 1991 1173 2042 7⁶⁵

142 2091 283 2174 iusserat
297 2091 362 2155 hoc
375 2093 563 2156 enim-luno
578 2089 721 2155 formosa
736 2091 887 2154 timentes

143 2208 492 2295 Cunctantesquesuas
508 2209 581 2272 fatis
597 2202 787 2296 permittere
803 2206 960 2288 habenas;

143 2323 224 2404 Quae
240 2322 305 2386 cito
324 2339 403 2386 tune
424 2323 521 2386 etiam
539 2323 616 2386 ferri
632 2345 691 2409 per
707 2322 835 2386 somnia
846 2321 944 2400 jussit

141 2435 244 2501 AEetee
262 2437 413 2521 exitium3
430 2438 607 2501 vehemens
622 2437 700 2501 hinc
714 2437 866 2527 protinus
882 2459 1017 2501 omnem

139 2553 291 2641 Regalem
309 2574 384 2617 cum
402 2569 513 2617 mente
530 2552 667 2617 domum
685 2569 896 2617 concusserat
911 2553 1043 2617 horror.
1069 2625 1072 2630 ,
1133 2578 1171 2622 rto

138 2666 235 2729 Visus
253 2667 340 2729 enim
356 2683 500 2755 spectare
515 2668 577 2731 sibi
594 2683 696 2732 estex
709 2666 829 2731 aethere
841 2690 973 2731 summo

118 2782 337 2869 ·Praefulgens
356 2783 437 2845 caris
456 2783 651 2847 occumbere
666 2783 801 2870 virginis
817 2800 941 2847 astrum

139 2895 264 2960 Medeae
280 2896 313 2958 in
333 2896 478 2977 sinihuS,
497 2897 628 2984 propria
646 2920 744 2983 quam
763 2898 887 2961 nutriat
904 2898 985 2962 aula.

137 3014 196 3077 llla
212 3030 323 3077 autem
339 3014 437 3100 peplo
458 3029 606 3099 accepto,
627 3012 797 3100 gavisaque
816 3030 884 3077 tota

137 3127 250 3191 Mente
267 3128 374 3190 ferens
389 3125 486 3207 illud,
501 3126 601 3188 latum
617 3126 823 3213 pervenitad
840 3150 970 3191 amnem
1127 3151 1166 3202 77⁵

138 3242 315 3323 Phasidos3
330 3258 379 3306 ast
391 3257 520 3329 raptum
536 3239 626 3304 fluvii
639 3241 706 3321 jam
723 3239 877 3304 fluctibus
892 3257 1015 3305 astrum

138 3359 282 3447 Longius
296 3359 415 3423 Euxini
430 3358 523 3445 p'onti
540 3357 581 3422 de
599 3358 693 3421 litore
712 3357 800 3422 ferri.

179 3472 268 3534 Talia
287 3494 346 3558 per
357 3494 517 3535 somnum
536 3472 666 3536 fuerant
684 3472 743 3536 ubi
761 3472 848 3553 visa,
870 3489 1003 3558 repente

135 3587 289 3675 Erigitur,
305 3586 502 3675 Stygiosque
516 3603 640 3651 tremor
651 3587 718 3666 jam
731 3604 845 3675 pectus
862 3587 984 3651 obibat.

135 3700 262 3763 Exsiliit
281 3714 399 3781 strato,
409 3700 556 3763 *lamulos
570 3700 634 3779 jam
652 3702 745 3763 liena
757 3700 894 3781 jubebat

136 3814 316 3879 Constratis
328 3815 505 3903 'imponere
521 3816 630 3902 equis,
649 3833 682 3878 et
689 3816 833 3904 jungere
850 3838 982 3897 currus,

135 3930 180 3992 Ut
201 3929 337 3993 veniens
355 3929 460 4018 placet
476 3930 634 4016 peramati
653 3928 798 3995 fluminis
817 3930 922 3994 undas

136 4043 308 4123 Phasidos,
326 4060 424 4130 atque
440 4044 502 4131 ipsi
522 4044 638 4132 patrias
656 4068 732 4109 cum
750 4046 877 4133 gurgite
893 4046 1078 4134 Nymphas,
1093 4001 1096 4006 Δ
