2859 4975
316 397 717 508 aneonanrreort
748 445 836 511 nm.
860 445 962 513 vrn.

146 565 216 630 Hoc
233 569 305 632 visu
324 587 476 636 contenta
495 574 589 638 mori.
611 577 706 641 Tune
725 594 793 643 tota
812 581 953 668 querelis

147 680 298 768 Egeritur
315 700 501 773 questuque
520 685 606 769 dies,
621 689 802 780 eademqne
819 694 882 758 snb
898 695 991 758 astris

145 796 217 859 Sola
234 814 361 878 movet;
377 802 498 866 moestis
513 803 615 868 veluti
633 827 700 868 nox
715 806 769 870 illa
788 824 920 873 sonaret

145 910 244 974 Plena
259 911 364 999 lupis,
382 930 619 1005 quaterentque
636 933 744 982 truces
757 921 867 1000 jejuna
881 922 991 986 leones

146 1026 227 1105 Ora,
241 1026 292 1090 vel
311 1026 431 1092 orbatae
448 1029 614 1095 traherent
632 1032 771 1120 suspiria
785 1056 898 1099 vaocae.
990 1011 993 1017 Ι

188 1140 339 1205 Procedit
359 1163 426 1206 non
445 1144 550 1230 gentis
570 1144 695 1228 honos,
718 1168 784 1210 non
801 1147 902 1235 gloria
917 1149 1027 1236 magni

145 1256 227 1320 Solis
244 1257 312 1339 ari,
335 1280 403 1348 non
422 1258 597 1324 barbaricae
616 1260 716 1325 decor
731 1261 786 1326 ille
798 1264 963 1345 juventae,
1136 1282 1175 1327 ⁴⁶·

146 1371 261 1454 Qualis
278 1386 363 1451 erat,
384 1395 489 1458 quum
506 1373 654 1438 Chaonio
670 1375 827 1440 radiantia
844 1369 962 1440 truitco

144 1488 272 1551 Vellera
290 1487 378 1551 vexit
395 1495 514 1569 ovans,
531 1489 683 1576 interque
699 1491 845 1578 ingentia
861 1491 996 1554 Graium

144 1599 287 1663 Nomina
301 1598 441 1663 Palladia
456 1600 549 1689 virgo
569 1602 657 1666 stetit
676 1604 775 1667 altera
793 1626 901 1691 prora.

184 1715 322 1780 Moestus
339 1731 373 1779 at
389 1715 443 1780 ille
461 1716 558 1780 minis
581 1732 614 1780 et
632 1733 711 1782 nota
726 1718 901 1784 Colchidos
918 1721 965 1783 ira

132 1945 188 2004 457.
206 1945 285 1992 Plana
294 1945 364 2007 lapis.
375 1946 453 1992 Vatia.
466 1947 520 1992 eod.
538 1973 570 1982 -
584 1948 639 2002 458.
651 1951 755 2012 suspiria
767 1952 863 1998 barela
874 1953 950 2000 Vatis.
969 1955 1022 2001 cod.
1040 1959 1104 2004 lunt.
1120 1960 1173 2004 Ald.

103 2023 199 2084 Eugeut.
212 2027 301 2070 Baeroe.
311 2026 402 2070 Bonon.
415 2025 469 2072 cod.
479 2052 510 2060 —-
523 2025 577 2088 459.
592 2026 669 2073 Gloria
680 2032 767 2090 magui.
779 2031 871 2078 Absnnt
880 2032 933 2080 ‹luae
941 2033 990 2080 iste
998 2051 1066 2082 rores
1074 2053 1088 2082 u
1097 2039 1173 2085 vute.

102 2103 153 2170 eod.
161 2111 186 2148 et
195 2104 286 2149 Bonon.
295 2105 314 2148 l.
327 2105 380 2149 Nou
395 2120 455 2148 more
466 2107 566 2165 paterni.
582 2106 673 2152 Bonon.
688 2107 742 2154 cod.
758 2111 850 2155 Bonon.
870 2111 913 2156 ll.'
924 2139 954 2146 -
970 2114 1024 2168 aot.
1040 2115 1084 2161 llic
1094 2133 1174 2164 versus

103 2182 166 2229 altest
177 2199 191 2229 ι
201 2183 278 2230 Vatis.
288 2182 342 2231 cod.
351 2185 384 2228 tte
395 2182 433 2228 itte
443 2184 517 2230 aare.
529 2187 619 2231 Bonou.
632 2185 686 2232 eod.
696 2189 788 2235 Bonon.
799 2189 832 2235 ll.
844 2191 888 2236 En.

102 2403 208 2456 veniens
217 2403 389 2474 imaguncula
398 2415 436 2456 est
446 2408 471 2458 iu
473 2407 548 2474 fiune
560 2408 616 2458 viri·
660 2401 717 2470 (οἱ
739 2403 776 2470 11,
795 2407 883 2474 171),
899 2409 955 2456 sola
973 2419 1062 2465 movet,
1079 2405 1173 2460 iisdem

101 2487 138 2543 di,
149 2482 253 2536 emissis
264 2502 359 2556 nempe
372 2503 402 2536 ex
416 2484 503 2538 Peneo
516 2484 614 2551 fluvio,
659 2480 790 2554 indulget.

100 2564 143 2635 qui
151 2583 201 2635 per
208 2564 305 2617 vallem
315 2564 529 2619 illamThessaliae
539 2584 616 2619 amoe-
695 2560 757 2625 456.
769 2563 854 2627 Quasi
872 2583 921 2636 per
943 2566 1065 2618 tenebras
1088 2568 1174 2621 noctis

100 2644 466 2717 nissimam‚Tempedictam
476 2684 484 2709 ‚
494 2664 549 2699 non
560 2646 614 2699 leni
658 2641 830 2694 esurientium
850 2644 976 2716 luporum
993 2644 1111 2699 rrlulatns
1128 2668 1175 2700 au-

101 2724 198 2778 incedit
212 2725 303 2789 alveo,
317 2724 364 2778 sed
377 2728 495 2793 spumosis
510 2729 616 2777 volvitur
658 2721 771 2788 diretur,
780 2737 805 2773 et
813 2728 896 2775 leones
907 2743 960 2796 prae
971 2727 1042 2778 fame
1055 2727 1177 2780 frenden-

100 2808 170 2857 urrdis
180 2802 273 2873 (ovid.
283 2804 389 2858 Metam.
400 2804 424 2867 Ι,
441 2803 517 2874 570),
531 2824 613 2876 vapo-
658 2812 713 2867 tes,
744 2807 789 2854 vel
805 2807 898 2854 orbatoe
917 2805 1009 2858 vitulis
1029 2808 1174 2879 mugientes

99 2885 187 2949 ribus,
207 2884 271 2955 qui,
290 2904 374 2955 quum
399 2884 514 2937 colorem
534 2884 613 2939 duce·
657 2879 751 2933 dolore
765 2902 864 2936 vaccoe.

99 2976 155 3015 rent
165 2982 181 3015 e
194 2965 393 3035 subjacentibus
403 2964 485 3035 pratis
496 2976 521 3016 et
536 2966 613 3017 arbo·
694 2960 755 3029 459.
766 2967 823 3013 Nou
833 2967 957 3030 procedit,
972 2984 1025 3016 non
1037 2966 1175 3019 continna-

99 3044 172 3095 ribns
189 3041 335 3106 viridibus,
355 3038 451 3097 virides
467 3044 517 3115 ipsi
533 3062 613 3115 appa·
658 3052 702 3092 tur
708 3058 717 3103 ;
728 3040 765 3093 sic
774 3042 929 3105 Livius,V‚
941 3045 990 3109 48,
1007 3066 1080 3111 quum
1090 3051 1175 3096 statio-

98 3141 182 3175 ruere.
211 3153 247 3162 —
270 3122 357 3175 Potest
379 3123 479 3191 sumum
507 3122 614 3175 duxisse
659 3140 702 3170 nes
709 3125 887 3187 procederent,
900 3122 973 3192 qnod
984 3125 1094 3194 explicat
1104 3126 1189 3177 Gro·'

98 3201 224 3255 Valerius
242 3220 275 3253 ex
296 3199 388 3255 Ovidii
408 3202 468 3255 loco
489 3201 613 3267 laudato,
659 3199 756 3251 novius
768 3217 774 3250 τ
786 3221 859 3267 quum
869 3203 1176 3271 asessislieetfamecon.
1258 3269 1261 3276 Ι

99 3302 123 3336 r.
138 3284 187 3352 571
201 3300 208 3333 :
222 3284 373 3350 Dejeetuque
381 3284 455 3351 gravi
463 3297 547 3334 tenues
557 3283 614 3349 agi·
659 3278 817 3333 tinuarentur.
837 3282 888 3333 En.

98 3365 178 3413 tantia
190 3361 376 3413 fumosNuttta
389 3364 512 3412 conducit.
524 3360 577 3411 Eo.
696 3362 757 3421 462.
779 3365 850 3411 Inter
873 3362 984 3428 ingentia
1007 3366 1108 3413 Graium
1130 3384 1174 3414 uo·

134 3442 195 3506 454.
208 3446 261 3491 Hoc
271 3442 329 3491 visu
341 3454 456 3490 contenta
468 3441 544 3499 mori,
555 3456 615 3510 quae
659 3441 741 3499 mina,
755 3450 811 3492 tam
825 3440 944 3511 egregios
959 3441 1092 3513 fortesque
1104 3442 1175 3495 Grae·

99 3519 156 3572 loca
174 3537 277 3572 amoena
292 3517 313 3569 si
326 3518 505 3589 conspiceret,
520 3518 614 3570 luben·
659 3516 704 3570 ciae
712 3520 839 3590 juvenes,
849 3522 966 3571 Palladia
976 3524 1064 3588 virgo,
1073 3521 1174 3593 virago,

99 3599 198 3651 tissime
212 3597 349 3650 moritura.
364 3602 431 3649 Time
445 3612 496 3649 tota
511 3600 615 3665 querelis
659 3602 739 3648 altera
758 3601 823 3649 stetit
841 3598 868 3650 in
887 3619 979 3667 prora,
1001 3612 1031 3652 ut
1049 3599 1116 3654 duas
1134 3622 1175 3655 co-

99 3682 215 3747 egerimr,
241 3676 392 3749 transigitur
405 3681 537 3748 (digerere
560 3679 615 3731 fere
659 3695 717 3731 ram
727 3676 847 3729 riderent
858 3678 1016 3749 Argonautae
1028 3681 1173 3745 Minervas,

99 3758 193 3811 eodem
215 3778 311 3821 sensu,
330 3777 358 3810 v.
380 3760 461 3827 ιω),
481 3772 616 3825 questuque
653 3776 763 3822 unam,
787 3758 896 3810 tutelam
918 3760 1012 3825 navis,
1037 3765 1173 3833 ἐπίσημον,

99 3841 149 3887 dies
164 3836 305 3911 (ejusdem
328 3838 442 3890 notionis
462 3841 615 3905 querelarum
661 3837 770 3889 alteram
787 3836 929 3903 Medeam,
955 3850 1082 3909 utrasque
1100 3840 1175 3892 belli-

99 3933 247 3985 questusque
256 3900 400 3988 gemiriatio
411 3916 520 3981 odiosa,
530 3928 559 3968 ut
573 3935 615 3967 re·
660 3934 745 3969 cosas.

99 4008 139 4048 cte
169 4010 262 4050 monet
290 3998 473 4059 Burmannus,
501 3995 616 4067 ideoque
697 3995 850 4059 464.Jason
866 3994 973 4047 tandem
987 3996 1086 4066 rumpit
1097 3998 1174 4048 silen-

99 4076 329 4145 mavultffletuque,
340 4075 380 4128 rel
388 4079 538 4146 gemituque.
548 4076 616 4128 Har·
660 4074 736 4126 tium.
755 4079 854 4124 Moestus
872 4076 944 4125 minis
963 4090 986 4126 et
1003 4090 1062 4125 uota
1080 4080 1176 4126 Medeae

99 4154 195 4208 lesiana
209 4156 290 4207 habet
301 4169 409 4222 quaestu,
422 4173 512 4207 errore
522 4174 614 4225 opera·
660 4156 714 4213 im,
730 4152 827 4204 dubins
843 4153 925 4204 animi
947 4152 1032 4204 adstat
1045 4174 1052 4217 3
1074 4164 1176 4204 utcum-

99 4230 195 4305 r'nm),
212 4240 347 4302 eademque
370 4239 414 4285 sub
434 4238 521 4293 asnis,
534 4246 616 4286 noctu
660 4250 712 4303 que
727 4244 815 4284 tamen
836 4235 954 4291 muloere,
970 4230 1080 4282 delinire
1100 4231 1175 4283 blan-
