2859 4975
393 429 825 497 snoonsurnnnu
1081 424 1143 513 ³9⁵

74 557 171 620 etiam
186 554 291 618 filium
301 555 428 618 Actoris
441 554 520 620 dicit
527 554 720 618 Scholiastes
729 552 882 639 Apollon.
895 550 1002 614 Rhod.
1016 550 1072 614 lib.
1086 552 1144 631 IV,

75 661 158 743 816,
169 660 228 724 uhi
245 657 351 742 addit,
371 663 439 740 ejus
454 658 551 724 filiam
567 658 780 724 Philomelam
791 656 901 722 damni
917 656 1016 719 fuisse
1031 655 1146 736 Peleo;

70 788 174 854 quam
192 781 300 830 tamen
322 765 472 854 Hyginus
491 765 567 830 iacit
585 780 722 830 matrem
741 762 897 843 Patrocli,
915 783 995 850 ergo
1010 781 1147 824 uxorem

75 869 242 952 Menoetii;
265 868 338 934 vide
354 869 394 934 de
409 870 461 934 his
476 869 616 957 amplius
632 884 782 958 agentem
798 866 1024 931 doctissimum
1041 865 1149 928 Meze-

74 977 201 1040 riacum
220 975 261 1040 ad
279 976 374 1041 Ovid.
391 977 492 1066 Epist.
503 977 535 1058 Ι,
552 998 599 1040 vs.
619 999 675 1063 ¹73
692 991 724 1038 et
737 973 937 1038 Munclrerus
954 991 1089 1061 quoque
1104 969 1146 1034 ad

75 1082 200 1170 Hygini
227 1103 296 1170 cap.
320 1103 374 1170 97,
401 1083 564 1146 Sthenelou
587 1081 732 1146 Menoetii
755 1101 891 1144 uxorem
916 1080 1017 1144 fuisse
1044 1091 1146 1141 notet.

76 1187 210 1250 Achillis
236 1189 333 1252 etiam
357 1205 493 1253 matrem
515 1187 725 1254 Phdomelam
745 1186 864 1265 fuisse,
890 1182 1033 1248 ostendit
1057 1179 1145 1246 idem

76 1293 273 1358 Mezeriacus
287 1292 328 1358 ad
344 1294 475 1358 initium
490 1294 591 1381 Epist.
608 1295 658 1357 111
672 1291 791 1356 Ovidii.
811 1291 951 1354 Potuere
965 1311 1043 1352 vero
1063 1309 1146 1353 eon·

75 1398 157 1460 fusae
165 1399 264 1462 finisse
283 1399 356 1462 duee
376 1399 542 1479 mulieres,
563 1397 752 1476 Philomela,
767 1396 892 1461 Actoris
906 1394 985 1474 filia,
999 1392 1147 1457 Moenetii

76 1526 187 1586 soror,
213 1527 310 1592 qtsam
329 1505 423 1570 duxit
443 1505 575 1586 Peleus,
599 1522 631 1569 et
648 1504 821 1590 Polymde,
841 1502 927 1566 Pelei
944 1499 1025 1581 filia,
1043 1521 1143 1586 quam

77 1607 172 1672 duxit
182 1611 365 1692 Menoetius,
378 1612 469 1691 quus
484 1633 605 1675 nomen
616 1633 676 1699 pro
686 1610 864 1674 Philomede
877 1605 964 1694 apud
977 1605 1145 1694 Hyginum

78 1730 163 1776 esset
181 1715 439 1798 restituendum,
459 1716 486 1780 si
504 1739 579 1781 vera
597 1732 688 1797 sunt,
705 1738 779 1802 quse
794 1713 1003 1778 doctissimus
1018 1711 1068 1775 vir
1086 1709 1145 1774 ad·

79 1835 173 1882 notat
188 1819 229 1884 ad
246 1820 340 1886 Ovid.
358 1844 397 1886 ex
414 1823 508 1888 Pont.
524 1823 579 1902 11,
595 1826 634 1902 A,
660 1843 720 1902 22,
739 1820 886 1907 quemvis
905 1816 993 1906 apud
1012 1816 1146 1905 Apollo·

78 1923 216 2006 dorum,
234 1926 290 1990 lib.
309 1928 379 2018 Ill,
396 1949 466 2015 cap.
489 1950 547 2009 12,
569 1950 609 1990 ex
625 1926 826 1990 correctione
843 1924 950 2005 Galei,
966 1944 1035 1986 non
1052 1943 1147 2007 repe·

78 2031 179 2111 mam,
196 2031 392 2117 Polymedion,
411 2034 497 2098 Pelei
516 2032 630 2114 filiam,
644 2031 701 2096 sed
716 2031 930 2118 Polydorum,
949 2051 989 2092 ex
1004 2051 1068 2116 qim
1084 2027 1149 2090 Mo·

77 2137 216 2202 rtestlu'us
230 2155 325 2202 notus
336 2140 408 2204 fuit.
426 2139 489 2204 Sed
506 2141 702 2204 Mezeriacus
717 2137 925 2202 Eustathium
941 2134 1022 2198 dicit
1037 2131 1148 2198 Achil·

78 2244 144 2308 lem
167 2243 272 2308 facere
297 2242 399 2310 filium
423 2245 614 2330 Polymeles,
640 2245 768 2309 Actoris
791 2243 879 2323 filies,
903 2264 975 2328 quas
996 2255 1083 2304 certe
1105 2238 1146 2302 ab

78 2347 149 2412 aliis
168 2348 345 2413 Philomela
362 2367 506 2416 vocatur.

124 2581 309 2664 MOPSUS,
328 2584 408 2647 nulli
425 2585 562 2647 omissus
578 2603 634 2649 aut
650 2586 835 2673 ignoratus;
851 2580 1079 2645 celeberrimus
1096 2600 1148 2640 va·

81 2703 145 2768 tes,
163 2703 203 2750 ut
224 2710 299 2751 eum
322 2689 407 2753 inter
422 2689 548 2775 antiqui
568 2690 709 2752 nominis
728 2704 815 2752 vates
837 2685 978 2749 celebrat
995 2684 1146 2746 Clemens

81 2792 257 2858 Alexandr.
273 2795 390 2858 Strom.
406 2795 463 2859 lib.
480 2797 514 2876 l,
529 2817 562 2882 p.
576 2794 650 2859 333.
669 2796 834 2882 Ampycis,
845 2793 913 2873 vel,
932 2805 969 2854 ut
983 2790 1052 2871 alii,
1065 2790 1147 2851 Am·

74 2885 164 2983 pyri,
184 2914 218 2961 et
232 2897 388 2963 Chloridis
405 2898 565 2988 Nymphae
583 2899 684 2977 filius,
701 2899 855 2988 Lapitha,
875 2920 914 2960 ex
924 2896 1096 2976 OEchalia,
1110 2912 1149 2959 ut

81 3003 234 3091 quidam,
250 3006 299 3069 vel
312 3006 505 3085 Titarensis,
523 3020 605 3069 teste
621 3006 762 3094 Hygino.
779 3016 924 3085 Τιταρήσιος
934 3002 1083 3089 Apollon.
1094 3002 1150 3065 lib.

82 3109 180 3192 1,65;
194 3109 326 3197 quidam
337 3113 432 3175 etiam
445 3112 642 3175 Tl'taronium
654 3111 828 3199 (Lycoplrr.
836 3134 883 3176 vs.
896 3111 956 3174 881
965 3109 1147 3196 Τιταιρώνιιον)

82 3235 219 3297 vocant,
242 3218 318 3304 quie
347 3235 437 3305 peter
458 3220 594 3306 Ampyci
618 3218 681 3281 fuit
698 3218 851 3299 Timon,
875 3220 927 3281 vel
952 3218 993 3283 ub
1025 3217 1147 3306 oppido
1268 3264 1274 3273 ·

84 3321 257 3385 'l’hessaliae
281 3322 451 3403 Titarone,
476 3322 568 3411 quod
591 3346 609 3386 a
634 3322 793 3385 Titaresio
816 3321 951 3385 flumine
977 3324 1149 3387 Thessaliae

83 3426 248 3491 diversum
267 3450 336 3492 esse
353 3429 448 3493 docet
465 3430 662 3518 Stephanus,
680 3445 713 3492 et
729 3429 876 3492 meminit
888 3429 957 3508 ejus
970 3430 1149 3509 Homerus,

82 3534 175 3599 Iliad.
187 3537 237 3618 11,
256 3536 331 3624 751,
347 3538 405 3601 ubi
421 3539 521 3602 inulta
535 3537 576 3602 de
593 3562 632 3602 eo
647 3538 782 3605 flumine
796 3536 929 3601 adducit
944 3537 1166 3619 Eustathius,'

85 3645 143 3730 qui
161 3666 238 3707 eum
257 3666 295 3708 ex
312 3644 423 3709 Titaro
442 3660 573 3726 monte,
601 3647 658 3732 qui
676 3646 802 3709 vicinus
824 3644 982 3733 Olympo,
1002 3641 1151 3726 effluere,

84 3766 117 3813 et
129 3751 276 3813 Eurotan
296 3751 392 3815 etiam
409 3749 483 3834 dici,
501 3766 603 3815 notat.
623 3752 684 3815 Hic
695 3773 773 3813 vero
789 3751 919 3839 Mopsus
934 3772 1018 3837 saepe
1035 3748 1152 3813 confu-

84 3879 140 3920 sus
159 3879 236 3920 cum
254 3857 354 3920 altero
370 3857 497 3946 Mopso,
517 3857 647 3921 Tiresiae
664 3856 747 3938 filio,
762 3857 813 3919 vel
831 3871 950 3943 nepote
961 3878 970 3935 ς
983 3856 1039 3943 qui
1055 3847 1153 3919 etiam

85 3978 171 4025 vates
183 3962 314 4041 Trojani
331 3962 406 4026 belli
427 3979 574 4047 tempore
596 3962 675 4044 fuit3
697 3961 774 4025 vide
796 3961 941 4026 Gronov.
963 3960 1004 4024 ad
1025 3962 1153 4024 Senecae

86 4067 174 4131 Med.
192 4066 274 4148 6553
292 4067 395 4131 Vales.
410 4067 451 4132 ad
464 4068 626 4131 Ammian.
641 4068 783 4131 Marcell.
799 4066 888 4147 XIV,
902 4067 936 4148 8,
962 4083 995 4130 et
1013 4066 1153 4130 Berckel.

87 4172 128 4237 ad
150 4174 261 4262 Steph.
286 4174 319 4237 in
340 4184 442 4253 Μόψιον.
465 4174 583 4239 Noster
603 4197 679 4237 vero
699 4174 894 4263 Ampycides
917 4174 995 4237 vatis
1017 4195 1154 4236 munere
