2859 4975
298 425 361 490 238
442 422 527 487 Plo
556 417 822 498 AUCTORE,
846 415 1228 482 SUPPLEMENTA

341 556 516 636 Caelicolis,
539 554 623 635 juvit
639 552 761 641 pariter
774 550 835 614 tibi
853 550 977 616 lumina
997 551 1082 614 ferre

339 670 516 746 Pronuba,
538 684 571 732 et
591 659 742 732 ardentes
758 665 799 729 ad
816 675 931 732 matta
947 663 1067 727 foedera
1083 662 1191 727 taedas.

340 785 464 848 Verum
485 804 559 870 age,
577 780 668 862 diva,
685 780 765 843 meis
781 778 901 842 adhibe
917 779 1099 842 narratibus
1114 799 1225 841 aures:

237 881 249 916 ¹
342 897 468 985 Elysios
487 910 564 959 tuus
585 896 620 958 in
643 916 776 982 campos
789 893 974 981 penetrabit
985 893 1143 974 Achilles,

343 1011 410 1094 Qui
434 1034 523 1075 nunc
546 1010 697 1075 Chironis
717 1009 836 1073 dociles
860 1008 915 1073 dat
940 1009 1089 1074 mutibus
1104 1031 1219 1090 aures,
1329 1024 1364 1071 ³⁴⁵
1408 1012 1409 1023 ¹

340 1124 545 1212 Naiadesque
567 1108 681 1188 foverit
705 1113 808 1187 divini
833 1123 923 1187 lactis
942 1123 1124 1187 alumnum.

341 1243 439 1306 Hunc
461 1238 576 1303 Medea
595 1240 702 1304 virum
721 1238 909 1301 melioribus
924 1260 1021 1302 aurea
1036 1239 1124 1319 fatis,

342 1357 389 1420 Te
410 1355 522 1419 sortita
538 1377 679 1434 nurum,
700 1355 864 1442 praestanti
884 1354 976 1441 prole
989 1354 1125 1417 tenebit.

344 1472 453 1554 Quare
469 1487 507 1534 tu
526 1491 638 1534 socrus
660 1469 760 1533 nurui
778 1468 930 1532 auxiliare
946 1469 1074 1532 futurae.

342 1586 433 1669 Quid
447 1602 503 1650 tua
518 1601 584 1649 tam
599 1600 727 1648 nostros
741 1583 885 1673 Minyas,
905 1606 1005 1674 rogo,
1025 1584 1172 1648 concutit
1187 1583 1266 1647 ira?
1331 1601 1364 1638 ³⁵⁰

342 1704 410 1766 Hos
433 1701 581 1788 Neptuni
601 1699 711 1788 ignes,
738 1699 801 1763 hos
822 1699 939 1764 AEolus
959 1721 1033 1764 aere
1055 1715 1165 1789 septus

341 1816 515 1903 Navii'rago
535 1812 626 1877 haud
645 1811 752 1877 reditu
773 1814 965 1902 prohibent,
988 1812 1158 1900 rabiesque
1176 1811 1364 1902 Charybdis.

342 1935 394 1997 Ira
415 1946 472 1994 tua
488 1927 649 1993 offendit:
677 1946 715 1992 tu
734 1929 818 1993 lenia
840 1927 970 1994 flamina
988 1931 1076 2010 laxa,

340 2049 382 2112 Et
404 2067 574 2134 compesce
596 2045 743 2126 animos,
766 2045 876 2109 ‘donec
893 2044 1038 2109 Phaeaeia
1055 2067 1153 2135 regna

340 2163 531 2251 Attigerint3
545 2175 583 2223 tu
598 2161 664 2224 sola
682 2176 776 2248 potes
794 2162 892 2224 maria
907 2161 970 2224 alta
988 2176 1120 2249 repente
1333 2174 1367 2215 ns
1413 2238 1414 2245 ἵ

339 2281 506 2358 Sternere,
522 2291 556 2339 et
572 2276 693 2340 auxilio
713 2275 831 2339 virides
855 2276 984 2340 concire
1001 2297 1139 2339 sorores.

341 2393 391 2458 Ne
411 2393 480 2456 sine
499 2391 677 2478 praecipites
695 2389 841 2453 rabidam
856 2402 1025 2479 penetrare
1039 2387 1262 2480 Charybdim,

342 2510 393 2574 Ne
407 2521 500 2571 voret
516 2505 699 2593 ingressos3
725 2504 827 2569 avidis
843 2506 1019 2575 nectrude
1040 2481 1170 2570 latebris

341 2623 494 2690 Ausoniae
507 2622 641 2711 scylla,
661 2622 775 2711 genuit
790 2644 887 2709 quam
906 2621 1076 2711 Phorcyn,
1102 2639 1134 2687 et
1147 2640 1215 2688 atra

340 2740 445 2804 Nocte
463 2759 582 2828 vagans
600 2737 852 2824 Hecate,'quam
870 2736 985 2801 dicunt
1002 2760 1071 2802 esse
1087 2730 1236 2805 Crataein.
1335 2760 1369 2798 sn

339 2857 393 2920 Tu
414 2870 543 2917 nostros
564 2850 704 2916 defende
720 2851 840 2933 duces,
861 2870 900 2917 tu
921 2855 1105 2918 comminus
1128 2856 1217 2945 Argo

341 2970 497 3057 Protege,
517 2966 591 3031 diva
614 2968 711 3031 maris
726 2990 733 3031 ε
748 2990 863 3031 cursus
883 2968 935 3030 via
952 2991 1049 3057 parva
1070 2971 1179 3033 futura
1197 2987 1283 3036 est».

339 3085 391 3149 Sic
409 3084 475 3149 ait:
495 3083 546 3149 his
564 3098 677 3147 autem
691 3084 803 3148 Thetis
818 3100 868 3148 est
884 3085 1090 3149 sermonibus
1111 3108 1186 3149 usa:

385 3230 397 3255 α
411 3199 444 3262 Si
459 3196 564 3286 rapidi
579 3198 755 3263 vehemens
769 3200 861 3288 ignis·
871 3198 964 3263 cadet
979 3200 1133 3288 impetus,
1151 3202 1253 3266 audet

339 3316 432 3379 Mens
450 3337 521 3379 mea
533 3314 600 3395 jam
614 3313 738 3379 reditus
758 3314 884 3379 facilem
906 3315 1067 3403 spondere
1086 3318 1242 3401 salutem,
1335 3337 1369 3377 aa

334 3430 479 3495 Flatibus
499 3429 643 3494 occiduis
665 3429 823 3517 Zephyri,
848 3430 905 3517 qui
920 3447 1009 3495 vasta
1028 3454 1159 3496 movere

339 3545 483 3633 AEquora
507 3543 605 3607 molle
626 3543 728 3624 solet,
752 3543 896 3638 velisque
913 3545 1049 3633 inspirat
1071 3548 1200 3635 apertis.

340 3660 438 3724 Nunc
455 3674 563 3721 tamen
589 3678 755 3745 aequoreas
776 3673 905 3746 praestat
923 3659 1035 3722 risisse
1053 3684 1191 3727 sorores.

340 3776 453 3862 Longa
469 3773 521 3835 via
539 3788 608 3854 est,
632 3788 688 3854 tu,
706 3775 813 3855 Juno,
835 3776 941 3857 viros,
962 3793 1021 3860 tu,
1042 3780 1146 3860 Juno,
1173 3783 1364 3871 magistrum

338 3890 435 3952 Mane
450 3887 530 3968 jube
548 3885 673 3951 findant
686 3912 774 3952 sacra
789 3890 869 3954 vada
887 3892 1001 3955 caerula
1015 3893 1149 3981 puppih.
1334 3916 1370 3966 370

382 4002 488 4082 Dixit,
506 4017 538 4066 et
554 4002 694 4067 aetheriis
709 4005 853 4093 nymphe
871 4006 1033 4071 delabitur
1049 4010 1131 4090 oris,

338 4117 495 4181 Caeruleos
513 4116 753 4203 ingressorias,
777 4120 936 4207 pontique
954 4121 1094 4189 lacunas.
