2859 4975
324 377 448 448 Now
478 381 721 446 anmoins
749 381 904 446 norm.
1080 385 1140 471 159

79 516 124 550 nec
136 515 199 549 raro
213 507 358 548 occurrunt
367 494 422 547 duo
436 494 593 564 pronomina
606 491 715 546 diverso
728 509 849 564 persono
860 493 912 560 sio,
925 506 955 546 ut
964 515 1053 561 nuno,
1063 499 1140 570 juxta

79 594 169 652 posna-

111 716 145 766 V.
159 714 223 777 436.
234 719 331 773 Ham,
349 729 374 763 et
392 717 504 764 attollens
523 715 569 762 uis
588 715 687 762 totidem
704 714 887 781 luminosam.
897 743 934 754 -·
945 713 1071 768 (tollimur
1088 714 1139 769 hoc

78 799 150 861 ioco,
163 805 194 848 ut
207 795 274 848 mihi
287 793 406 856 videtur,
420 795 594 866 Apollonius,
609 807 635 846 et
647 806 747 847 natura
759 795 844 865 magis
856 798 1009 861 somnitus,
1021 798 1140 852 Medeam

79 880 152 932 finxit
166 879 330 932 obmutuisse
339 897 393 950 prm
405 877 579 940 verecundia,
590 895 722 948 moxque,
735 879 855 948 responsi
863 879 1140 946 looo‚iocantamenta

77 964 166 1016 tasoni
181 961 341 1028 tradidisse;
356 961 427 1033 quod
448 962 497 1014 fuit
511 962 606 1033 quovis
624 979 745 1014 sermone
764 959 971 1043 siguifioantius;
988 964 1043 1018 vid.
1061 965 1141 1042 Apol·

78 1047 129 1099 ion.
147 1046 202 1109 III,
219 1065 277 1099 ¹10.

109 1199 145 1250 V.
160 1203 222 1262 440.
234 1183 341 1264 Nempe,
354 1217 398 1266 ego
413 1201 435 1250 si
441 1201 532 1265 patriis
544 1201 673 1249 timuissem
686 1201 895 1260 excedereeecets,

238 1285 366 1333 Occideras
376 1322 384 1342 ,
397 1299 480 1349 nempe
491 1283 556 1332 harre
565 1285 674 1332 animam
683 1299 735 1333 sors
744 1301 808 1332 sarva
816 1287 932 1334 manebat

238 1365 344 1416 Faunis.
751 1369 753 1373 ’

77 1484 141 1547 Qus
156 1492 316 1554 sequuntur,
326 1483 456 1552 Wagneri
467 1492 529 1535 sunt
541 1483 637 1535 verba:
652 1507 663 1526 n
673 1485 778 1548 Nempe,
790 1481 826 1533 ita
836 1499 898 1534 vero
908 1494 963 1550 est,
974 1505 1034 1553 ego,
1044 1506 1092 1558 ego
1102 1489 1141 1542 in.

76 1585 172 1638 qnam,
185 1570 210 1619 εἰ
217 1569 309 1634 patrie
326 1569 455 1617 timuissem
473 1569 590 1616 medere
607 1569 689 1626 testis,
708 1567 845 1625 midam,
864 1579 953 1620 aotnm
968 1566 1004 1620 de
1021 1579 1048 1622 te
1068 1585 1138 1636 erat,

77 1667 174 1716 nempe,
198 1659 226 1699 et
245 1646 363 1718 profacto
384 1649 450 1696 hano
470 1643 631 1712 (διικτικῖος,
650 1661 730 1696 mann
751 1644 852 1714 putori
874 1645 1014 1716 imposita)
1031 1654 1140 1702 ammam

77 1748 173 1791 meam,
184 1748 238 1792 me,
247 1749 299 1780 sors
300 1731 397 1797 funeris
405 1748 469 1779 soeva
478 1732 603 1787 manebat,
615 1745 664 1798 ego
675 1727 724 1778 tibi
736 1745 791 1779 non
803 1739 948 1800 superstes,
960 1741 1046 1784 tecum
1057 1737 1139 1788 mori·

77 1826 134 1866 tura
150 1813 267 1866 fuissem.
283 1813 357 1864 Hanc
370 1811 484 1868 animam
497 1808 531 1864 ad
544 1811 666 1864 Jasonem
677 1811 758 1862 refert
765 1809 936 1866 Burmannus
951 1833 1008 1867 eam
1024 1815 1060 1868 ob
1074 1837 1139 1872 cau·

77 1917 147 1964 sam,
158 1895 233 1970 quod
246 1897 273 1949 in
284 1896 369 1971 primo
379 1895 496 1967 alloquio
507 1895 616 1958 Medea,
627 1913 640 1946 a
654 1906 740 1946 morte
748 1893 850 1946 Jasonis
860 1914 933 1949 suam
942 1897 1074 1968 pendere,
1084 1921 1139 1955 non

77 1982 139 2034 satis
153 1979 251 2034 daoore
267 1979 383 2052 profiteri
399 1979 513 2050 potuisse
528 1977 657 2032 videatur.
675 1979 764 2042 Quam
782 1980 936 2032 sententiam
957 1983 1052 2054 premit
1069 1985 1139 2054 hoc,

77 2065 150 2136 quod
163 2063 235 2117 idem
247 2077 303 2126 tum
317 2064 355 2115 his
378 2065 467 2134 (conf.
483 2067 607 2114 occideras
617 2081 644 2114 v.
659 2063 723 2129 441)
735 2060 831 2115 dixisse
844 2061 974 2127 credenda
987 2066 1020 2120 sit
1031 2067 1140 2135 Medea,

77 2169 124 2201 neo
137 2147 267 2214 absonum
281 2145 346 2199 mihi
356 2145 471 2210 videtur}
483 2146 629 2218 virginem,
639 2163 697 2216 quae
706 2147 763 2218 jam
777 2158 865 2211 antea,
878 2146 928 2200 sihi
938 2148 1029 2202 saltem
1038 2171 1066 2205 v.
1077 2153 1140 2220 351,

77 2234 145 2286 fassa
156 2244 223 2286 esset
243 2251 270 2285 se
292 2251 352 2284 cum
369 2217 465 2285 J'asone
483 2231 551 2284 mori
564 2249 617 2283 non
630 2247 766 2296 recusare,
780 2249 890 2304 qumque
899 2235 955 2304 jam
969 2234 998 2286 in
1011 2253 1043 2288 eo
1056 2250 1139 2304 esset,

76 2329 104 2368 ut
129 2317 226 2369 herbas
247 2327 386 2369 venenatas
413 2311 541 2377 traderet,
565 2313 717 2386 simpliciter
743 2323 822 2386 atque
846 2327 936 2387 aperte
962 2316 1042 2370 animi
1064 2333 1139 2375 sensa

76 2419 234 2470 promeres.

111 2539 148 2589 V.
157 2538 217 2603 450.
230 2545 386 2605 Persaeasque
396 2539 450 2588 sinu
462 2539 603 2602 depromere
612 2538 687 2587 virts.
698 2565 735 2575 -
745 2533 824 2587 Cous.
838 2532 918 2586 ovid.
931 2535 1038 2589 Remed.
1047 2538 1138 2592 Amor.

77 2639 101 2671 v.
114 2621 165 2673 ²63
176 2638 183 2671 t
196 2623 264 2685 Quid
276 2623 322 2671 tibi
329 2622 483 2688 profluerunt,
498 2622 579 2678 Circe,
592 2617 727 2671 Perseidos
741 2620 830 2669 herboe.
845 2616 945 2670 Hecate
960 2638 1072 2691 nempe,
1081 2638 1141 2693 qun
1178 2669 1180 2673 .

77 2716 188 2767 vocatur
205 2702 319 2768 Perseis,
337 2720 466 2773 supra‚v.
482 2701 544 2763 aet,
556 2702 744 2756 Prometheum
764 2700 855 2764 florem
873 2702 959 2774 prima
979 2704 1139 2776 suffigeret,

77 2790 188 2859 ejusque
200 2788 255 2847 vim
265 2786 388 2842 Medeam
398 2786 532 2857 docuerat.

111 2922 145 2973 V.
157 2922 219 2987 454.
238 2927 272 2972 Et
278 2926 335 2991 jam
345 2942 409 2973 nuno
421 2926 550 2991 deprecor,
566 2924 658 2989 hospes.
672 2952 707 2961 -··
718 2924 869 2973 Etianmunc
887 2919 1028 2991 legendum
1046 2940 1141 2979 comeo

78 3024 139 3058 cum
154 3007 325 3059 Burmauno:
345 3022 369 3058 re
387 3010 442 3074 jam
457 3017 483 3059 et
499 3010 573 3057 etiam
591 2996 770 3057 in'codtcihus
785 3023 854 3076 supe
871 3005 1094 3086 confunduntur,¹
1107 3009 1141 3062 iis

78 3090 219 3158 praesertim
234 3089 261 3140 in
274 3088 492 3161 quibusindivisa
504 3098 564 3141 sont
576 3086 711 3140 vocabula.

113 3261 148 3311 V.
163 3258 226 3323 456.
240 3262 359 3318 Dixerat,
369 3262 489 3327 extemplo
500 3263 599 3325 (neque
609 3259 672 3344 enips
683 3270 783 3306 matura
792 3259 896 3306 ruebam

236 3345 322 3393 statera
329 3380 337 3403 ,
351 3356 376 3392 et
389 3355 525 3403 extremum
538 3343 670 3411 stffserat
680 3357 732 3392 axe
745 3344 837 3391 Booten
839 3343 859 3402 )

80 3464 156 3519 Hune
168 3465 257 3518 locum
270 3464 307 3517 sio
324 3462 685 3535 interpretaturWagnerus:
700 3488 713 3507 α
723 3462 790 3512 Nam
798 3463 855 3530 jam
867 3460 924 3527 (sic
936 3460 1006 3515 enim
1020 3462 1078 3534 lego
1090 3483 1140 3536 pro

80 3569 159 3617 nequa
170 3553 249 3611 enta.
259 3546 330 3604 trade
342 3566 446 3601 sonsum
456 3546 626 3609 commodum
640 3546 769 3613 extricare
779 3564 833 3601 uon
846 3560 953 3617 possum
963 3549 1081 3616 )mawra
1088 3568 1139 3601 me

81 3638 358 3693 honestetur-asmantia
368 3648 464 3703 nempe
479 3631 595 3695 occasui,
610 3635 666 3699 iam
681 3631 710 3685 in
729 3648 762 3683 oo
774 3640 862 3694 erant,
875 3640 905 3681 ut
918 3628 1069 3683 oeciderent
1079 3634 1140 3701 (cn-

82 3721 165 3773 denen
175 3716 359 3788 sr'rierasVirgil.
370 3720 430 3787 AEu.
445 3718 484 3791 II,¹
496 3717 544 3783 9),
558 3731 582 3772 st
594 3730 743 3777 sanorum,
756 3715 804 3786 qui
815 3714 924 3769 ultimus
937 3717 1072 3785 omnium,
1084 3736 1139 3771 non

80 3802 133 3855 nisi
149 3802 191 3857 die
211 3803 338 3869 instante,
355 3800 467 3867 occidit,
483 3803 628 3871 saffram,
646 3799 747 3853 diutius
762 3809 892 3851 morata
910 3812 983 3864 erat,
995 3817 1032 3853 so.
1045 3801 1140 3865 Medea

81 3896 138 3939 arte
149 3886 262 3959 magica,
272 3905 329 3946 axe,
344 3885 378 3937 ad
392 3885 482 3957 polum
489 3882 622 3936 Arotioom
632 3883 701 3953 (exis
713 3882 785 3936 enim
798 3891 836 3933 est
848 3882 1006 3951 septemtrio,
1012 3883 1057 3954 qni
1067 3883 1139 3937 Geto-

81 3965 121 4017 cis
132 3964 214 4039 ᾶμαξα
226 3964 331 4018 dicitur.
341 3964 383 4019 Sic
393 3963 498 4018 Servius
508 3960 542 4017 ad
553 3964 627 4033 Virg.
637 3962 736 4034 Georg.
745 3962 796 4029 tlt,
806 3962 855 4017 ³⁵1
867 3982 875 4027 ;
889 3962 924 4015 cf.
938 3960 987 4015 tuf,
998 3981 1025 4015 v.
1038 3964 1089 4016 560
1098 3966 1137 4033 ι).

82 4046 168 4101 -Nit
180 4047 347 4102 mutavimus.
356 4048 451 4103 Sensus
464 4058 518 4102 est:
532 4060 630 4099 matura
643 4051 706 4099 enim
719 4050 801 4098 sidera
814 4064 863 4098 non
874 4050 991 4107 nubam,
1001 4064 1055 4098 non
1068 4048 1140 4101 occi·

83 4130 195 4196 debant,
210 4131 310 4186 Medon
328 4132 436 4203 magicis
449 4131 549 4185 artibus
568 4130 631 4184 celo
649 4126 753 4185 suffixa,
774 4134 852 4181 liuere
868 4127 902 4181 de
915 4141 975 4182 ortu
993 4146 1140 4202 occasuque
