2859 4975
268 391 328 456 136
550 397 585 457 c,
609 378 816 460 vassum
848 397 1035 461 assem

308 522 507 605 AEsoniden;
522 525 645 589 liberne
658 525 743 589 freto
754 528 821 606 jam
835 529 943 592 vultus
961 544 1091 615 aperto,

309 639 418 724 thue
434 637 523 724 prius
540 655 647 704 totum
661 640 751 704 sileat
766 664 874 705 mare:
888 640 1033 729 dumque
1051 663 1088 704 ea
1105 641 1202 730 longe

309 753 483 840 Explorate
500 771 614 841 queat,
637 771 750 818 contra
770 755 859 820 veuit
870 757 966 834 Arcas
982 752 1107 819 Echion

308 867 402 930 Dicta
415 867 522 930 ferens
536 891 544 932 ι
561 868 626 948 jam
642 869 768 933 Circaeis
786 870 941 934 Mavortis
962 871 996 933 in
1014 870 1097 959 agris
1414 948 1415 957 χ

309 981 400 1044 Stare
416 983 540 1063 virum,
561 982 651 1046 daret
668 983 821 1071 aeripedes
839 985 875 1047 in
891 985 1000 1072 praelia
1015 1001 1137 1048 tauros.
1294 1006 1334 1052 ⁵4⁵
1414 1016 1415 1055 t

355 1097 424 1158 «En
438 1119 548 1178 vocor,
563 1119 602 1160 en
619 1099 717 1179 ultro,
729 1097 824 1180 dixit,
839 1121 976 1187 spesque
988 1098 1112 1163 addidit
1128 1101 1220 1162 ausa!
1241 1136 1246 1150 ι

310 1211 377 1276 Vos
395 1211 476 1274 mihi
492 1234 581 1275 nunc
597 1212 741 1298 primum
759 1213 794 1275 in
814 1212 921 1300 glebas
936 1213 1086 1277 invertite
1103 1213 1186 1275 tauri

311 1325 474 1412 AEquora,
491 1349 580 1390 nunc
593 1342 676 1390 totas
692 1327 813 1413 aperite
831 1344 864 1391 et
875 1327 993 1391 volvite
1010 1326 1171 1409 flammas,

312 1443 411 1524 Exeat
426 1441 596 1506 Haemonio
614 1442 727 1506 messis
741 1442 952 1507 memoranda
965 1443 1099 1526 colono;

299 1665 413 1718 541.AEs.
427 1666 529 1711 liberine
536 1665 559 1726 j.
575 1681 599 1711 v.
611 1674 696 1726 aperto.
707 1666 782 1711 Vatia.
793 1666 884 1711 Boron.
901 1664 972 1710 codd
990 1667 1081 1710 Bonan.
1100 1667 1111 1710 l
1129 1673 1153 1710 et
1170 1666 1201 1710 ll.
1218 1664 1336 1710 Tiban'ne.

268 1745 333 1789 innt.
344 1745 428 1790 Maser.
440 1745 494 1789 Ald.
506 1747 576 1791 meta
581 1743 606 1804 j.
617 1761 645 1788 vv.
654 1746 744 1805 aperu's.
756 1745 842 1803 Macer.
852 1746 952 1804 lingent.
964 1743 1066 1790 Fluctus.
1082 1743 1161 1789 licina.
1180 1759 1210 1789 ex
1224 1745 1290 1809 conj.
1306 1769 1338 1777 -
1414 1802 1415 1805 Ἴ

270 1823 323 1877 542.
340 1826 428 1868 ilatum.
440 1824 543 1868 Gronov.
558 1850 589 1860 —
600 1823 654 1877 543.
669 1823 799 1884 Esplorare
811 1823 951 1885 paramd.
962 1824 1062 1882 lingent.
1073 1823 1149 1889 exuit
1163 1824 1225 1882 conj.
1238 1849 1269 1858 -
1281 1823 1336 1877 546.
1414 1808 1415 1847 l

270 1905 302 1947 Et
312 1919 380 1947 vocor
388 1902 445 1946 ultro
456 1919 484 1948 err
497 1903 519 1948 d.
528 1903 603 1950 Vatia.
613 1903 667 1948 cod
678 1905 709 1948 Et
722 1919 794 1948 moror
808 1919 838 1947 en
849 1901 906 1947 ultro
916 1903 939 1947 d.
951 1904 1041 1948 lionam
1056 1903 1110 1948 cod.
1124 1905 1213 1948 Borion.
1232 1902 1242 1946 l
1261 1911 1287 1948 et
1304 1903 1337 1947 11.

211 2029 212 2038 ,
271 1984 335 2027 Carr.
345 1981 443 2026 Addidit
457 1982 520 2026 aula.
533 1984 585 2027 Vat.
600 1984 690 2028 Bonou.
707 1982 777 2028 codd.
792 1984 882 2026 bonon.
895 1983 907 2026 ῐ
925 1991 949 2027 et
962 1983 992 2026 ll.
1003 1984 1067 2026 Junt.
1079 1980 1227 2027 Maeandld.
1238 1981 1341 2026 Addida

270 2077 335 2107 aura.
348 2062 446 2120 Eugent.
458 2075 487 2106 ex
501 2059 535 2105 Pil
547 2062 610 2121 conj.
619 2061 708 2119 -547,
720 2061 865 2123 Inflammas
871 2091 880 2112 ,
893 2059 1076 2104 invertiteliatic.
1089 2062 1178 2104 Bonon.
1190 2061 1255 2104 Carr.
1266 2058 1338 2104 codd.
1414 2056 1415 2097 i

270 2141 415 2202 Inflammas
426 2139 483 2185 milri
495 2122 584 2185 sertia.
602 2142 692 2192 Borion.
708 2143 720 2186 Ι
740 2149 763 2184 et
780 2133 812 2185 Il.
831 2141 896 2184 lunt.
914 2139 998 2185 Maser.
1016 2140 1115 2200 Eugent.
1142 2141 1171 2184 In
1186 2138 1267 2199 glebas
1285 2137 1340 2182 milri

270 2221 359 2264 uertite.
379 2217 433 2264 ald.
450 2221 481 2264 In
495 2218 582 2280 glebas.
601 2219 704 2263 Gronov.
719 2218 942 2272 0bss.1v,21.1tn.

308 2395 367 2459 541.
378 2400 518 2463 saporare
530 2409 604 2466 parat
619 2399 710 2448 liberae
709 2395 779 2462 freto
795 2401 798 2407 '
860 2392 920 2457 546.
930 2398 969 2443 En
980 2383 1065 2452 vocor,
1074 2411 1104 2442 en
1116 2396 1187 2443 ultro.
1197 2397 1236 2441 En
1244 2390 1289 2443 bis
1298 2409 1338 2443 re·
1353 2430 1355 2437 .

266 2477 323 2544 jam
337 2479 419 2527 arcitus
433 2491 529 2543 aperto,
542 2496 576 2531 an
589 2476 670 2527 libere
682 2473 781 2546 prospi·
823 2472 933 2545 petitum
947 2472 1074 2525 ironicam
1087 2470 1171 2524 habet
1182 2469 1339 2523 admiratio·

271 2573 331 2607 cere
339 2554 368 2605 in
379 2554 462 2607 altum
471 2554 553 2625 possit
562 2596 570 2621 ,
580 2570 704 2621 tetramque
713 2574 781 2604 mare
823 2570 886 2604 nem
897 2572 904 2604 ε
916 2552 952 2603 ita
964 2570 1028 2605 vero
1040 2550 1115 2602 sortis
1128 2562 1166 2603 est
1174 2550 1282 2622 juvenis
1292 2587 1299 2613 ‚
1310 2561 1340 2602 ut

229 2680 233 2695 χ
271 2637 342 2685 sileat
355 2650 382 2685 ut
390 2635 482 2703 prius(
498 2635 535 2686 sic
545 2633 650 2686 ordines
666 2634 780 2701 verba),
824 2651 868 2684 me
884 2631 1103 2701 provocetipse,
1120 2648 1221 2697 spesque
1240 2629 1341 2680 addidit
1414 2637 1415 2668 l

208 2772 211 2779 Ι
271 2713 360 2765 nullus
369 2733 503 2773 remorum
513 2714 695 2784 remigumque
709 2712 781 2765 soni·
825 2732 901 2774 ausa,
912 2709 1049 2763 obscurius
1061 2709 1162 2761 dictum
1171 2747 1180 2771 ‚
1190 2706 1276 2780 quod,
1291 2708 1340 2760 nisi

273 2804 315 2844 tus
335 2792 466 2859 audiatur,
488 2812 618 2864 nusquam
647 2792 782 2863 navigium
825 2802 980 2863 corruptum
996 2791 1045 2853 sit,
1059 2788 1128 2841 nihil
1147 2788 1221 2841 aliud
1240 2788 1339 2859 signid-

274 2883 416 2943 appareat,
434 2872 473 2922 uti
492 2885 552 2923 ante
569 2873 782 2941 Argonautarum
826 2890 886 2933 care
896 2884 982 2943 potest
990 2878 997 2933 3
1006 2888 1087 2941 quam
1099 2888 1158 2939 spes
1171 2869 1244 2921 auxit
1257 2888 1339 2929 ausa,

274 2948 533 3003 adventum-Vide
547 2949 581 3003 ad
591 2950 691 3002 calcem
703 2949 782 3021 hujus
827 2970 890 3003 ausa
904 2951 974 3003 ausis
988 2949 1070 3002 addit.
1084 2981 1117 2989 -
1132 2949 1232 3001 Confer
1246 2946 1339 3019 Virgil.

272 3030 334 3081 libri
347 3040 403 3081 not.
418 3029 543 3093 541.En.
827 3030 982 3096 AEneid.X,
997 3030 1131 3097 263:spes
1141 3030 1230 3090 addita
1239 3030 1342 3079 suscitat
1414 3093 1415 3106 ,

310 3108 368 3171 542.
388 3114 499 3177 Dumque
519 3128 549 3159 ea
568 3113 639 3178 longe
655 3096 785 3177 adplorare
828 3113 887 3161 iras.
898 3110 960 3182 En,

274 3204 363 3255 queat,
377 3191 485 3263 (queatr’
496 3188 622 3241 Librariis
631 3189 686 3241 sine
700 3187 783 3241 dubio
865 3189 926 3259 547.
940 3191 1008 3248 Rex,
1020 3185 1098 3259 quasi
1109 3189 1195 3241 aciem
1207 3186 1340 3248 instruat,

275 3267 395 3332 debetur,
406 3285 460 3319 non
473 3269 642 3339 poetae.)Pius
652 3270 706 3340 jam
719 3268 784 3319 olim
827 3280 914 3339 partes
930 3267 1071 3319 distribuit.
1091 3275 1139 3318 Vos
1163 3270 1236 3327 milri,
1259 3270 1340 3325 tauri,

273 3367 325 3417 pro
345 3366 376 3398 eo
396 3350 551 3418 conjecerat
555 3362 648 3415 parat,
667 3364 785 3417 eumque
822 3350 931 3414 primum
946 3367 1061 3415 oequora,
1084 3347 1194 3418 planum
1214 3345 1340 3398 solidum·
1414 3373 1415 3396 t

275 3436 389 3497 sequutae
408 3426 522 3489 Aldina,
537 3426 697 3497 Eugentina,
715 3423 785 3476 Coli·
828 3444 882 3497 que
901 3444 1042 3495 campum,
1061 3430 1086 3476 ia
1104 3430 1190 3494 glebas
1214 3427 1337 3483 invertite,
1414 3487 1415 3508 ,

275 3505 352 3557 niana
368 3516 393 3556 et
407 3504 572 3576 Gryphiana.
594 3503 666 3568 Quid
683 3502 705 3555 si
725 3522 785 3573 pro-
828 3504 987 3569 convertite‚
998 3503 1185 3566 comminuite,
1195 3522 1261 3553 nunc
1275 3517 1339 3554 totas
1414 3539 1415 3576 ,

275 3584 333 3654 pius
351 3581 385 3635 ad
406 3582 540 3635 literarum
558 3580 668 3633 ductum
687 3579 783 3633 scribas
828 3588 934 3651 aperite,
958 3583 1085 3643 emittite,
1111 3597 1136 3633 ec
1158 3586 1250 3633 volvite
1274 3581 1339 3633 alias
1414 3601 1415 3614 ¹

276 3674 355 3722 ureae,
370 3661 397 3711 in
419 3680 450 3712 eo
469 3672 523 3723 est,
541 3673 571 3711 ut
590 3671 707 3712 montem
724 3678 785 3711 con·
827 3663 1093 3733 posteliasflammas¹

276 3740 398 3804 scandat,
412 3739 454 3792 vel
474 3739 535 3789 litus
553 3738 669 3807 adeati)
690 3742 785 3789 Echion
865 3740 924 3810 549.
942 3746 1038 3805 Exeat,
1057 3751 1221 3817 promosset,
1240 3743 1335 3798 messis,
1414 3759 1415 3814 }

204 3846 206 3851 v
276 3828 368 3879 Arcas,
382 3820 544 3887 Argonauta,
557 3816 785 3887 legatusalasone
829 3838 915 3891 seges,
939 3823 1068 3871 Hoemcrrio
1097 3822 1183 3869 colono
1208 3818 1340 3884 (comem-
1414 3831 1415 3848 ¹

276 3897 370 3949 missus
380 3899 448 3967 (quo
457 3914 566 3948 munere
575 3897 696 3949 functum
705 3917 785 3969 supra
829 3898 911 3969 ptim)
926 3901 1101 3957 memoranda,
1116 3900 1205 3969 cujus,
1217 3894 1282 3947 dum
1298 3896 1338 3948 vi-

277 3976 412 4046 aliquoties
431 3975 586 4039 habuimus,
608 3976 631 4041 Ι,
649 3983 714 4040 440,
735 3979 785 4042 IV,
830 3989 888 4042 vet,
904 3978 928 4030 si
946 3977 1053 4040 vixerit,
1078 3995 1225 4046 numquam
1243 3974 1338 4028 oblivi-

279 4054 328 4115 134
351 4065 376 4107 et
396 4056 475 4123 7321),
493 4056 616 4107 iasonem
642 4066 732 4109 tauros
757 4057 786 4108 in
831 4068 925 4110 scetur.
938 4089 973 4097 -
988 4060 1070 4108 Marsis
1083 4068 1110 4107 et
1124 4059 1223 4106 coenus
1238 4054 1339 4125 egregie

235 4178 237 4187 .
275 4150 367 4203 campo
377 4132 467 4187 Martis
478 4146 627 4205 exspectare
636 4135 749 4187 nuntiat.
831 4135 880 4186 sibi
894 4137 1007 4188 invicem
1020 4133 1187 4207 respondent.
1200 4134 1250 4185 En.
