2859 4975
274 411 672 488 ARGONAUTICON
703 414 790 478 LlB.
815 413 925 476 VIII.
1064 425 1138 500 ³97

107 547 156 606 An
173 543 278 606 virtus
294 543 422 630 praelata
438 543 498 606 viri
517 560 583 624 est,
601 561 634 608 et
650 545 766 609 fortior
778 547 848 627 ille,

107 659 215 740 Quem
233 653 402 744 sequitur?
417 657 552 747 jungam
569 660 725 748 igniferos
742 662 811 724 sine
829 663 972 725 carmine
990 677 1116 740 tauros,

105 775 258 860 Saevaque
275 773 426 836 Echionii
439 774 525 836 lerro
540 791 608 838 sata
627 797 805 863 persequar
821 776 928 864 hydri.

106 889 177 951 Hoc
192 886 276 952 adeo
294 889 416 951 interea
429 905 577 976 spectans
593 889 634 953 de
650 889 746 954 litore
764 914 891 978 pugnas

106 1003 308 1084 Amborum,
330 1003 462 1066 victoris
483 1005 562 1086 eris;
575 1003 641 1083 jam
656 1004 755 1092 digna
769 1004 893 1075 videbis
1098 1026 1136 1070 ³⁴⁵

106 1119 236 1199 Praelia,
253 1118 385 1207 jamque
400 1119 482 1182 illud
496 1142 607 1183 carum
622 1137 722 1208 caput
737 1121 784 1184 ire
800 1138 934 1184 cruenta

105 1233 173 1296 Sub
187 1235 292 1315 freta,
313 1235 453 1298 semiviri
474 1257 534 1298 nec
556 1235 690 1298 murrha
707 1259 827 1323 corpus
844 1236 977 1312 Achivi,

105 1349 168 1412 Sed
184 1349 275 1436 pice,
291 1348 348 1413 sed
364 1348 500 1412 flammis
518 1365 550 1414 et
567 1351 690 1414 olentes
705 1351 830 1414 sulfure
847 1351 962 1415 crines.

105 1466 171 1528 Vos
189 1464 290 1528 modo
305 1467 356 1529 vel
370 1467 476 1528 sulum
494 1465 558 1530 hoc
575 1464 694 1530 fluctus
711 1468 860 1555 expellite
876 1490 1014 1555 corpus,

67 1597 69 1607 ⁴
105 1580 180 1642 Non
194 1595 226 1642 te
236 1579 352 1660 ,AEeta
367 1595 475 1667 pater,
488 1580 615 1668 generi,
628 1597 704 1661 aut,
717 1582 773 1645 sot
786 1605 921 1671 magne,
937 1581 1083 1671 pudebit.
1097 1602 1136 1638 ³⁵0

106 1694 210 1757 Fallor
221 1694 234 1758 l
246 1717 287 1757 an
307 1696 367 1758 hos
387 1694 481 1758 nobis
499 1694 624 1782 magico
642 1719 732 1768 nuuc
749 1698 892 1760 carmine
908 1713 1024 1760 ventos
1121 1707 1128 1719 '

105 1810 175 1896 Ipsa
192 1825 322 1890 movet,
340 1810 474 1896 diraque
488 1810 573 1872 levat
587 1811 685 1874 maria
701 1810 803 1874 ardua
816 1813 951 1900 lingua?

106 1924 211 2011 Atque
230 1924 349 1988 iterum
364 1921 558 2004 AEsonides,
576 1923 694 1987 iterum
713 1924 901 1988 defenditur
916 1944 999 2005 arte,

106 2041 179 2122 Qua
200 2037 302 2102 solet?
322 2036 410 2100 haud
426 2037 473 2099 illi
489 2052 604 2100 cantus
622 2054 654 2100 et
673 2038 766 2101 futile
783 2061 933 2102 murmur

95 2257 144 2309 344.
160 2259 252 2317 Specta.
264 2255 341 2302 Vatic.
354 2266 377 2301 ct
393 2259 483 2302 Bouou.
500 2255 571 2300 codd.
589 2284 619 2290 -
635 2257 688 2316 347.
707 2259 807 2306 Achivis.
825 2263 891 2306 lunt.
907 2263 1005 2322 lingent.
1027 2289 1058 2296 -
1077 2262 1131 2316 348.

68 2333 201 2379 &dolentes
215 2336 263 2395 leg.
279 2343 345 2395 puto.
357 2335 432 2380 Prima
451 2335 476 2380 iu
493 2335 535 2380 secl
549 2336 633 2382 omissa
650 2337 695 2381 luit
705 2338 788 2393 litere,
803 2340 836 2384 ob
854 2339 954 2386 similem
967 2340 993 2386 iu
1007 2341 1054 2386 flue
1071 2339 1135 2386 rucis

71 2414 216 2473 precedentis
229 2414 329 2460 literam.
342 2441 372 2449 —
384 2414 437 2461 350.
449 2418 480 2460 Et
490 2415 531 2461 sot.
540 2418 631 2464 Bouon.
641 2428 664 2464 et
674 2419 754 2465 Burm.
764 2419 834 2467 codd.
847 2423 890 2466 Eu.

99 2610 155 2670 341.
183 2608 304 2660 Fortasse
334 2620 423 2661 tamen
450 2609 572 2659 virtutem
619 2602 791 2658 cadaveribus
805 2604 999 2674 adhibebant),
1010 2607 1133 2671 sedpice,

68 2688 182 2754 spectarit
191 2686 345 2739 Medeatnr
353 2728 361 2753 ,
370 2706 429 2758 quae
440 2687 483 2737 ille
493 2687 574 2758 magi·
618 2686 781 2753 sedflommis
797 2700 822 2735 et
834 2688 940 2751 sulfice,
958 2684 1062 2736 facibus
1075 2684 1134 2752 pice

67 2766 99 2817 cis
112 2767 246 2837 praestigiis
263 2766 439 2837 perpetravit,
452 2766 506 2817 haec
526 2785 573 2838 ego
618 2773 643 2815 et
666 2764 767 2817 sulfure
795 2764 902 2827 oblitis,
927 2768 1019 2815 olentes
1045 2766 1133 2817 crines.

68 2848 114 2895 siue
125 2848 235 2896 carmine
248 2846 377 2907 efficiam,
388 2847 498 2915 jungam
513 2856 571 2897 tau·
617 2843 650 2893 At
664 2847 730 2895 olere
742 2843 861 2895 crebrius
874 2854 970 2914 quarto
983 2842 1056 2893 casui
1070 2845 1132 2913 jun-

66 2942 117 2987 ros,
135 2938 160 2977 et
177 2924 319 2977 bellatores
337 2946 352 2977 e
369 2924 491 2977 Cadmeis
510 2924 572 2976 den·
618 2923 753 2992 gitur;sic
760 2928 884 2981 redolere,
895 2923 947 2984 IV,
960 2922 1000 2975 15.

67 3005 128 3057 tibus
149 3019 222 3071 ortos
241 3025 391 3077 persequar.
654 3004 714 3069 349.
728 3010 778 3053 Vos
792 3007 865 3055 modo
875 3042 882 3063 ,
893 3022 909 3052 ο
917 3005 1019 3065 flactris,
1032 3005 1079 3052 ltoe
1090 3021 1132 3050 so·
1217 3000 1221 3022 ⁸

99 3086 153 3148 344.
164 3087 220 3137 Nec
232 3099 331 3138 temere
342 3086 394 3137 hoc
408 3084 510 3137 dictum
525 3104 572 3153 pu·
618 3087 667 3133 lum
685 3102 785 3149 corpus,
801 3102 844 3134 me
860 3083 964 3146 solum,
979 3079 1134 3145 sinegsociis

68 3165 298 3235 tes,Medeu:ipsa
318 3164 458 3235 spectatrix
472 3165 506 3215 ab
521 3164 572 3215 hoc
617 3160 697 3226 adeo,
713 3163 840 3228 ecpellr'te,
862 3161 897 3212 ad
917 3160 980 3212 litus
996 3160 1091 3231 ejicite,
1108 3168 1153 3238 et·
1246 3180 1248 3183 ⁴
1285 3139 1288 3143 Δ

67 3242 132 3294 litore
147 3243 181 3295 sis
199 3244 352 3295 certaminis
364 3242 521 3314 singularis,
537 3242 571 3294 ad
616 3240 688 3293 eolus
706 3239 783 3292 edam
804 3241 939 3307 sacinoru,
954 3259 1016 3310 qum
1034 3258 1077 3290 me
1095 3236 1137 3289 di-

68 3321 130 3389 quod
147 3321 299 3375 adulterum
317 3342 452 3393 provoco;
472 3323 572 3373 victoris
616 3340 699 3390 gnum
723 3320 818 3373 Medea
840 3322 997 3391 conjugem,
1021 3319 1133 3390 dignum

68 3403 120 3460 cn's,
134 3403 277 3455 certissime
295 3422 357 3473 crgo
373 3423 433 3455 mea
443 3421 450 3466 ;
461 3405 518 3471 jam
537 3404 573 3451 di·
617 3405 694 3455 AEeta
712 3396 856 3472 generum,
870 3400 981 3471 dignum
996 3400 1057 3452 Sole
1075 3419 1133 3453 rna-

67 3496 113 3543 gna
124 3482 218 3533 videbis
227 3484 332 3549 pratia,
341 3502 403 3534 nam
422 3500 480 3553 quie
494 3492 572 3532 antea
616 3498 669 3551 gno
684 3500 860 3551 progenerum
875 3480 1023 3533 ostendant.

69 3556 164 3621 vidisti,
178 3561 231 3613 hoc
245 3561 354 3614 nomine
368 3561 494 3631 indigna,
509 3596 567 3610 .....
653 3560 713 3612 351.
731 3560 782 3613 Sed
795 3562 905 3613 fortasse
918 3560 998 3631 hujus
1012 3578 1075 3611 meae
1089 3578 1131 3611 cn-

63 3635 122 3700 freta
133 3654 250 3701 cruenta,
261 3638 388 3711 sanguine
399 3643 456 3713 ejus
466 3639 571 3691 infecta.
616 3640 743 3692 lamitatis
762 3640 861 3693 fundus
880 3653 920 3693 est
942 3642 998 3711 ipsa
1020 3639 1132 3704 Medea,

98 3718 152 3787 347.
163 3722 271 3771 Semiviri
283 3741 370 3788 eorpus
380 3722 468 3772 Achivi
475 3758 482 3779 ,
499 3734 570 3771 acer·
614 3722 669 3787 ipsa
696 3740 762 3770 nunc
782 3724 883 3788 magico
905 3723 1015 3771 carmine
1035 3720 1131 3772 excitat

67 3793 96 3845 be
104 3808 127 3847 et
134 3800 323 3852 contumeliose
332 3800 448 3865 dictum,
461 3812 489 3851 ut
501 3798 571 3849 Grae·
615 3813 718 3857 ventos,
727 3803 839 3865 levetque
852 3803 933 3851 inuria
944 3803 1039 3859 ardua,
1048 3812 1077 3850 ut
1090 3817 1132 3850 ar-

68 3873 151 3929 cirum
164 3879 269 3949 Scythis
281 3880 426 3951 comparati
440 3878 532 3929 molles
546 3887 572 3929 et
616 3879 671 3931 dua
684 3878 750 3943 sint,
763 3883 790 3929 in
802 3879 868 3946 altos
881 3879 977 3931 ductus
988 3879 1131 3949 erigantur.

69 3952 202 4008 effeminati
217 3957 333 4009 habendi
345 3960 411 4020 sint;
425 3960 460 4011 cf.
475 3956 570 4027 Virgil.
653 3956 713 4022 354¹.
724 3963 774 4009 Sed
788 3963 857 4010 haud
871 3962 908 4010 itti
916 3961 1005 4024 futile,
1017 3958 1130 4020 inutile,

71 4030 184 4098 AEn.1v,
199 4038 266 4101 2153
281 4038 330 4102 IX,
344 4040 412 4106 6173
431 4037 498 4101 XII,
520 4051 571 4103 993
617 4036 860 4103 contemnendum,
882 4038 1040 4101 ridiculum,
1066 4056 1131 4085 mur-

71 4106 123 4161 item
133 4113 266 4178 Nostrum,
277 4134 356 4187 supra
366 4118 426 4181 ,VI,
445 4120 506 4183 694.
519 4119 572 4165 Nee
616 4120 790 4183 murproderic
801 4124 852 4177 Ite,
863 4132 929 4168 rates
937 4139 947 4176 ,·
956 4135 1046 4181 nunc,
1059 4134 1131 4165 nunc

71 4194 157 4243 uurrta
166 4194 266 4265 (quam
281 4214 335 4248 non
344 4195 397 4251 uisi
408 4196 436 4249 iu
447 4194 572 4252 ditiorum
618 4195 746 4268 insurgite
762 4198 860 4265 remis,
875 4196 957 4261 socii,
973 4196 1116 4270 etstangite
1124 4230 1133 4254 ,
