2859 4975
244 401 308 467 206
405 401 491 466 Pro
521 353 769 482 sacrorn,
792 397 1150 465 supparatura

287 535 416 610 Haeret‚
439 548 471 594 et
488 531 567 598 hinc
582 553 727 620 praesens
742 528 862 619 pudor,
879 530 957 594 hinc
970 529 1098 594 decreta
1116 551 1252 603 suorum
1280 554 1315 599 sss

290 649 379 711 Dura
397 648 768 734 premunt3'utcumque
786 663 896 712 tamen
912 646 1055 715 mulcere
1070 660 1254 735 gementem

287 763 404 827 Tentat
421 779 454 826 et
473 763 541 852 ipse
557 785 706 851 gemens,
727 778 760 826 et
774 777 923 849 tempora
940 783 1071 826 currere
1089 759 1204 832 dictis:

288 909 301 934 ιι
313 878 411 942 Mene
424 875 548 965 aliquid
562 875 716 942 metuisse
736 891 848 963 putas,
873 921 1130 941 ............

292 1037 323 1082 ,τ
338 1036 701 1054 .................
708 1026 709 1029 ¹
715 1035 837 1058 ......
847 1011 901 1054 me
920 989 996 1053 talia
1012 989 1113 1072 velle,

289 1104 370 1168 Diva
387 1103 458 1168 viro
474 1103 613 1168 nimium
631 1102 751 1184 conjux
769 1103 895 1168 infensa
910 1103 1019 1168 fideti?

289 1219 417 1282 Horreo
434 1201 461 1279 si
478 1239 542 1304 qua
557 1233 692 1282 movent
708 1219 855 1300 animos,
871 1218 1063 1307 ingrataque
1083 1217 1178 1280 nobis
1282 1236 1319 1285 uo

290 1335 372 1415 Quae
389 1347 420 1396 te
440 1354 582 1421 cumque
598 1349 775 1422 premunt3
792 1333 850 1398 sed
867 1334 977 1398 mollia
993 1349 1141 1423 tempora
1155 1332 1299 1420 primum

292 1451 490 1538 Captamus,
505 1449 645 1535 saevique
662 1448 768 1538 placet
785 1472 878 1513 mora
895 1447 1067 1513 commoda
1084 1448 1171 1512 belli.

289 1566 353 1629 Tot
370 1565 475 1628 coiere
492 1562 615 1644 duces,
631 1563 811 1653 hostilique
827 1565 947 1652 impete
962 1580 1077 1630 turmae

292 1680 447 1745 Certatim
465 1679 646 1746 incubuere
662 1677 766 1760 odiis,
787 1697 994 1768 mortemque
1010 1663 1188 1747 minantur.

290 1797 394 1859 Causa
407 1796 482 1883 fuga
494 1809 562 1874 est,
579 1809 612 1856 et
627 1808 740 1856 noster
754 1816 859 1858 amor.
874 1794 1110 1881 Quoscumque
1126 1794 1276 1882 superbis
1284 1810 1320 1862 ⁴7⁵
1405 1810 1406 1823 ¹

292 1909 407 1990 Cernis
424 1909 516 1996 equis
533 1906 656 1994 equites
676 1906 834 1990 fremere,
854 1929 968 1996 aspera
982 1908 1072 1989 jussa
1085 1909 1246 1996 parentis,

290 2025 408 2106 AEetae‚
425 2022 625 2111 Absyrtique
644 2022 798 2085 immania
814 2022 905 2112 signa
921 2039 1124 2118 sequuntur3

290 2142 333 2204 Et
351 2141 468 2220 classe,
484 2154 517 2201 et
533 2138 635 2219 serre,
650 2155 749 2226 atque
763 2138 882 2205 animis
901 2155 1042 2202 certatur
1059 2139 1192 2226 iniquis.

293 2256 403 2338 Quare
426 2276 468 2317 ne
486 2269 597 2340 pereat
618 2267 726 2315 tecum
744 2268 801 2315 tua
817 2252 968 2316 Thessala
984 2232 1107 2340 pubes,

291 2373 334 2435 Et
349 2370 458 2435 venias
475 2369 565 2456 turpi
583 2367 688 2432 fratris
705 2366 856 2433 ducenda
876 2369 1063 2457 triumpho,

291 2486 368 2550 Irati
385 2484 534 2549 subitura
551 2482 668 2571 patris,
696 2483 892 2573 matrisque,
917 2484 1103 2574 sororisque

291 2605 451 2689 Aspectus
473 2576 590 2681 saeros,
606 2598 836 2687 horrendaque
853 2624 1024 2666 murmura
1039 2601 1145 2689 vulgi,

293 2716 478 2800 Quaerimus
501 2715 579 2778 huic
596 2712 694 2779 finem
712 2713 850 2796 damno,
867 2711 1028 2804 certaeque
1044 2716 1160 2797 ruinae,

291 2832 419 2920 Sospite
438 2848 487 2911 te,
511 2820 672 2918 sociisque
692 2830 778 2911 tuis,
803 2846 835 2895 et
851 2830 940 2918 pube
956 2830 1098 2920 Pelasga.

293 2946 393 3029 Quod
409 2947 436 3009 si
454 2945 654 3009 barbaricam
670 2962 789 3009 resana
805 2946 956 3034 superbia
972 2962 1116 3009 mentem
1287 2965 1321 3011 ns

278 3148 333 3208 467.
345 3148 378 3191 Et
395 3154 492 3207 serapem
511 3143 582 3189 dietis.
592 3144 668 3190 Vatia.
686 3121 740 3191 coti.
754 3149 867 3206 Quaerere.
879 3144 969 3191 Heinsii
983 3154 1047 3190 recta
1063 3145 1206 3205 conjectura.
1217 3172 1250 3180 -
1270 3146 1322 3201 463.
1409 3175 1410 3194 t

247 3230 316 3273 Hunc
337 3240 430 3271 versum
453 3222 582 3269 omiserunt
602 3226 706 3285 ungens.
737 3224 814 3279 Colin.
837 3225 929 3285 Gryph.
948 3226 1065 3270 Meruisse.
1081 3222 1185 3285 Vulgati.
1207 3227 1322 3271 Meruisse.

247 3305 354 3353 Barthins
370 3313 394 3351 et
411 3302 489 3348 Heius.
508 3302 573 3365 quod
591 3302 681 3349 admisi.
698 3304 741 3349 En.

248 3464 288 3517 dis
312 3460 421 3524 verbis,
444 3473 526 3510 tentat
543 3475 697 3527 gementem,
719 3479 764 3527 ge·
844 3463 985 3526 468-Mene
1001 3466 1098 3530 aliquid
1109 3465 1323 3531 meurissepusas?

247 3562 315 3596 mens
333 3545 395 3609 pse,
413 3554 437 3590 et
449 3542 557 3607 ternpore
570 3558 667 3589 currere
684 3540 763 3589 dictis.
808 3538 941 3593 Hactenus
956 3540 1079 3594 Valerius
1099 3542 1147 3614 qni
1166 3554 1270 3606 morte,
1294 3556 1323 3595 ut

248 3628 348 3676 amere
367 3610 411 3671 six
433 3614 520 3669 locum
542 3629 656 3683 tueatur,
679 3636 763 3688 quum
807 3618 927 3683 videtur,
955 3620 1134 3693 interceptus,
1160 3621 1226 3673 nihil
1252 3622 1321 3674 ultra

247 3707 275 3759 τὸ
299 3715 376 3753 tentat
401 3699 511 3750 verbum
534 3696 652 3769 requirat
673 3695 764 3749 activa
808 3698 936 3772 scriptum
957 3700 1076 3771 reliquit.
1100 3700 1232 3752 Carminis
1255 3700 1322 3754 illud

248 3777 447 3853 significationis
457 3794 464 3841 ;
474 3776 568 3829 melius
581 3775 662 3845 igitur
675 3780 765 3829 ducere
808 3778 989 3849 fragmentum
1002 3780 1088 3849 (Mene
1099 3783 1197 3847 aliquid
1210 3783 1323 3832 memisse

247 3862 291 3915 vel
306 3877 466 3927 quaerere—
476 3860 591 3924 Quoerere
610 3874 641 3907 eo
659 3856 764 3908 felicius
804 3859 890 3926 putas)
903 3858 1036 3929 supplevit
1045 3858 1120 3925 P'ms,
1140 3870 1165 3911 et
1178 3860 1321 3933 abruptum

247 3938 361 4011 conjecit
373 3934 512 3997 Heinsius,
526 3931 600 4006 quod
616 3946 641 3986 et
654 3934 761 4007 ipcilem
808 3936 906 3989 Valerii
921 3955 1006 4007 opus,
1024 3937 1167 4009 Apollonio
1184 3938 1270 4004 duce,
1289 3940 1322 3992 ad

247 4035 355 4072 sensum
372 4015 470 4086 praebet
485 4012 538 4065 hoc
555 4015 682 4079 verbum,
699 4027 726 4066 et
745 4034 761 4066 a
805 4014 886 4067 finem
904 4014 1038 4085 perduxit.
1050 4015 1115 4070 vid.
1131 4031 1149 4070 t.
1164 4020 1191 4083 1,
1210 4037 1238 4088 p.
1250 4036 1324 4082 xnu,

247 4111 334 4151 vetere
347 4093 478 4165 scriptura
491 4093 601 4155 minimo
614 4092 701 4146 minus
715 4096 761 4147 ab·
805 4094 987 4166 praefationem
998 4093 1122 4148 editionis
1136 4094 1240 4150 Aldina
1251 4097 1320 4150 circa

246 4176 324 4230 ludit.
336 4176 387 4227 En.
574 4200 575 4203 ¹
805 4172 894 4225 finem.
906 4172 956 4223 En.

735 4307 737 4340 i
