2859 4975
310 426 352 491 60
607 429 644 493 C.
664 427 866 493 VALERII
897 432 1081 496 FLAcct
1179 435 1183 441 ’

352 557 426 623 Heu
438 558 558 645 quibus
569 559 679 650 ignota
691 583 762 625 sese
774 584 835 650 pro
849 580 945 651 gente
956 563 1084 652 periclis

353 672 513 753 objiciet»
523 675 600 739 Haec
611 674 734 739 fantem
746 675 855 741 medio
866 678 901 741 in
915 700 1064 741 sermone
1076 676 1207 765 reliquit

353 787 479 878 Incepti
492 787 558 867 jam
572 790 658 853 luno
672 804 807 876 potens,
819 811 998 879 securaque
1010 790 1143 855 fraudis.

328 880 335 887 ³
395 903 550 966 Imminet
561 926 579 966 e
590 903 682 967 celsis
694 902 869 967 audentius
880 905 1030 992 improba
1042 905 1142 969 muris

352 1018 471 1107 Virgo,
484 1039 544 1081 nec
556 1017 693 1081 ablatam
706 1018 856 1105 sequitur
866 1019 1022 1105 quaeritve
1034 1042 1194 1084 sororem.

350 1133 395 1196 At
408 1131 537 1218 quoties
548 1130 596 1195 vis
610 1130 680 1195 dira
693 1130 834 1207 ducum,
846 1130 1005 1219 densique
1015 1150 1150 1221 repente

351 1240 532 1311 AEsoniden
548 1269 693 1337 pressere
706 1247 785 1329 viri,
797 1270 967 1335 quumque
979 1250 1086 1313 omnis
1097 1250 1132 1312 in
1144 1272 1249 1313 unum

353 1362 462 1425 Imber
475 1362 531 1443 iit,
548 1362 643 1426 toties
657 1362 739 1428 saxis
752 1362 900 1451 pulsatur
912 1379 944 1427 et
954 1364 1064 1429 hastis.
1350 1384 1387 1422 ms
1421 1395 1422 1444 5

351 1476 524 1566 Primaque
535 1476 576 1541 ad
587 1476 697 1541 infesti
707 1477 882 1541 Lexanoris
893 1477 1023 1541 horruit
1032 1501 1144 1559 arcus,

352 1594 424 1656 Alta
437 1592 494 1657 sed
507 1592 681 1659 AEsonium
694 1615 793 1681 supra
806 1608 904 1681 caput
920 1592 985 1656 exit
997 1592 1143 1675 arundo;
1189 1627 1193 1634 ·

352 1708 481 1795 Teque,
499 1708 614 1789 Caice,
630 1707 730 1795 petit:
749 1706 869 1786 conjux
886 1705 1067 1771 miseranda
1081 1708 1177 1771 Caico

352 1808 543 1911 Linquitur,
563 1839 596 1887 et
610 1823 717 1911 primo
734 1820 853 1885 domus
868 1821 1058 1910 imperfecta
1074 1819 1183 1885 cubili.

397 1939 517 2028 Regius
535 1937 612 2002 Eois
628 1938 777 2025 Myraces
794 1936 952 2023 interpres
966 1935 1007 1998 ab
1022 1935 1087 1998 oris
1332 1958 1389 2009 su,
1421 1959 1422 2004 3

340 2153 395 2199 681.
413 2153 447 2197 Et
458 2151 532 2198 celsis.
549 2154 639 2197 Bouon.
655 2151 709 2197 cod.
725 2153 816 2198 Boron.
832 2154 843 2197 1
859 2162 883 2199 et
898 2153 929 2198 11.
942 2152 1056 2199 EoeeeIsis.
1069 2152 1156 2199 Sabell.
1174 2154 1207 2198 At
1222 2151 1297 2201 celsis.
1318 2156 1387 2199 Jnnt.

310 2234 396 2279 Mases.
407 2232 508 2291 Eugent.
528 2232 558 2277 Ut
567 2230 641 2276 celsis.
656 2230 710 2277 Ald.
723 2232 884 2277 Audieuts'bus.
896 2231 972 2279 Vatis.
989 2232 1042 2278 eod.
1062 2231 1211 2277 Audeetilrus.
1227 2234 1324 2283 Bouou,
1336 2233 1390 2279 eorl.
1421 2263 1422 2266 =

310 2310 651 2358 Bonon.1etlt.Audenttor.
669 2310 724 2357 Ald.
740 2336 772 2345 -·
790 2312 845 2357 683.
864 2312 903 2357 Ab
918 2314 1012 2375 quoties,
1030 2311 1089 2357 Edd.
1108 2320 1163 2357 ante
1177 2313 1244 2357 Carr-
1264 2314 1306 2360 Vis
1323 2313 1389 2357 dura.
1421 2367 1422 2372 ¹

308 2391 385 2439 Vatio.
395 2401 419 2438 et
426 2393 518 2437 Bonon.
530 2390 600 2459 codd,
616 2416 648 2425 -
657 2390 712 2439 685.
722 2392 776 2437 Iber
786 2394 820 2437 iit.
831 2394 923 2438 Boron.
930 2394 954 2472 ἱΙ.
965 2394 1029 2438 tunt.
1042 2391 1095 2437 ald.
1108 2393 1152 2439 Eo.
1421 2381 1422 2398 ¹

308 2601 445 2655 gentenon
456 2597 510 2638 tam
520 2585 643 2658 exponit,
658 2604 740 2657 quam
750 2605 828 2659 spon·
906 2587 968 2640 686.
994 2590 1076 2638 Prima
1088 2583 1249 2657 (adverbial.
1268 2603 1324 2659 pro
1340 2586 1391 2653 pri-

310 2679 335 2719 te
345 2668 559 2734 objicitperirulis!
871 2687 952 2731 mum,
967 2667 1007 2719 uti
1028 2667 1057 2732 Ι,
1077 2684 1102 2730 r,
1124 2676 1150 2717 et
1163 2665 1287 2735 sequenti
1306 2683 1390 2716 versu

346 2749 409 2816 679.
423 2745 485 2798 Haec
498 2746 534 2798 ita
544 2747 696 2816 loquentem
709 2747 790 2797 medio
800 2748 825 2796 in
870 2751 924 2798 alta
933 2764 981 2816 pro
992 2747 1088 2812 altius)
1097 2748 1192 2797 horruit
1200 2748 1238 2795 ad
1246 2747 1390 2818 Lexanoris

311 2847 422 2879 sermone
438 2828 553 2892 relinquit
574 2831 639 2875 Iuno
658 2826 713 2893 jam
736 2827 827 2894 incepti
871 2826 1010 2897 sagittam,
1029 2843 1089 2895 quse
1108 2836 1198 2887 tamen
1216 2843 1273 2874 non
1297 2823 1390 2883 feriit,

243 2913 245 2916 ’
305 2921 395 2977 potens
404 2907 554 2973 fraudisque
567 2923 669 2965 secura,
686 2903 741 2955 voti
754 2922 826 2956 com-
870 2904 916 2957 sed
926 2904 1002 2956 altius
1012 2903 1116 2956 tasonis
1127 2916 1207 2974 caput
1220 2901 1391 2954 transvolans

310 3005 374 3058 pos,
385 2997 410 3038 et
429 2983 463 3038 de
481 2983 566 3036 dolosi
581 2983 685 3036 consilii
703 2984 834 3038 successu
871 2987 968 3036 Caicum
978 2983 1119 3055 percussit,
1130 2983 1176 3053 qui
1185 2983 1292 3052 nuptias
1302 3001 1393 3051 nuper

310 3078 382 3119 certa
393 3085 400 3128 ;
411 3065 482 3118 conf.
492 3067 609 3132 promissi
612 3079 717 3132 potens,
729 3062 824 3133 Virgil.
870 3065 1063 3127 celebraverat,
1079 3061 1152 3135 quod
1162 3061 1197 3114 ad
1207 3061 1392 3115 miserationis

309 3149 453 3210 AEn.VII,
469 3145 538 3211 5415
549 3149 727 3217 jussipotens,
742 3141 822 3198 ovid.
868 3145 993 3197 affectum
1018 3140 1218 3196 accommodate
1245 3143 1284 3195 ita
1307 3143 1393 3194 effert

229 3287 232 3292 ,
309 3228 418 3282 Metam.
433 3226 484 3290 IV,
497 3226 557 3297 509.
868 3236 963 3296 poeta:
980 3228 1074 3294 conjux
1094 3226 1237 3274 miseranda
1251 3225 1326 3274 Caico
1340 3227 1392 3273 lin-
1421 3292 1422 3295 Ἴ

347 3307 407 3362 681.
417 3311 533 3360 Imminet
538 3325 623 3378 prono
637 3324 749 3377 corpore
762 3323 825 3357 con·
870 3305 959 3370 quitur,
971 3319 994 3355 et
999 3307 1081 3372 primo
1092 3309 1179 3355 domus
1191 3301 1337 3370 Imperfectus
1352 3323 1394 3352 cu·
1421 3328 1422 3339 t

310 3388 400 3462 spicue
415 3390 513 3442 ecelsis
526 3390 600 3439 muris
619 3389 762 3447 audentius,
772 3385 824 3436 im·
869 3385 919 3434 bili.
939 3380 986 3434 Est
1005 3401 1038 3435 ex
1057 3381 1191 3445 Homero,
1209 3381 1242 3434 Il.
1260 3382 1304 3442 11,
1322 3400 1392 3452 701:

310 3467 470 3540 pudentius,
490 3469 614 3535 improba,
628 3462 744 3527 ardens,
758 3463 825 3516 nihil
869 3459 946 3534 δόμος
957 3464 1075 3535 ἡμιτελής
1087 3459 1257 3529 (Protesilai);
1267 3464 1393 3533 ἡμιτελὴς

311 3548 383 3602 aliud
404 3549 522 3619 cogitans
542 3549 628 3612 virgo,
650 3564 695 3594 nec
717 3546 825 3594 ablatam
869 3540 1394 3614 teitupoe,Anthol.Graeca,Jaeobs,vol.

310 3632 417 3696 sequitur
426 3627 454 3679 in
465 3627 558 3692 urbem
571 3645 678 3677 sororem
684 3663 691 3686 ,
701 3644 748 3675 nee
758 3645 826 3693 quee-
870 3620 952 3692 11,p,
968 3641 1027 3692 ¹7²·
1038 3628 1140 3672 Frustra
1150 3624 1274 3688 inceptam
1288 3624 1395 3671 domum

310 3713 355 3770 ric,
371 3727 405 3760 ne
417 3705 548 3760 desiderat
560 3703 678 3777 quidem.
870 3701 987 3772 appellat
997 3700 1135 3766 Catullus,
1149 3700 1240 3770 Epigr.
1252 3699 1395 3763 LXVIII,

332 3789 407 3844 ,683.
430 3793 467 3837 Ae
485 3789 579 3854 quoties
599 3782 663 3837 viris
693 3783 826 3854 armisque
872 3781 922 3853 75,
936 3781 984 3834 ubi
997 3779 1060 3834 vide
1075 3780 1110 3832 el.
1125 3783 1256 3846 Doeriug5
1277 3783 1395 3831 Sterilem

308 3867 393 3939 premi
407 3867 532 3918 Jasonem
548 3861 619 3916 videt
630 3881 723 3928 suum,
737 3883 825 3930 quum-
870 3865 980 3922 domum,
992 3861 1113 3932 Propert.
1124 3861 1176 3926 IV,
1189 3878 1231 3923 ιι,
1244 3862 1289 3912 62.
1305 3860 1395 3912 Cous.

310 3967 357 4013 que
380 3948 458 3996 omnis
472 3948 497 3996 in
514 3965 589 3996 unum
603 3947 678 3995 imber
694 3945 734 4004 iit,
753 3963 826 3995 saxo·
871 3944 973 4009 Ruperti
980 3939 1107 3992 ad.Tacit.
1116 3939 1229 4002 Ann.1‚
1244 3940 1278 4002 3,
1292 3958 1315 3990 a.

209 4071 215 4084 .
309 4044 369 4077 rum
381 4035 407 4076 et
415 4023 552 4076 hastarum
562 4061 569 4086 ‚
581 4026 652 4074 toties
663 4025 827 4092 saxispulsa-
906 4023 967 4087 690.
981 4025 1111 4084 Myraces,
1124 4019 1226 4089 legatus
1240 4019 1310 4090 regis
1320 4017 1395 4071 Par·

310 4118 350 4153 mr
371 4117 394 4153 et
411 4105 505 4168 iestis,
533 4103 589 4176 ipse
618 4103 668 4156 sibi
691 4102 826 4156 vulnerari
870 4097 996 4162 thorum,
1018 4100 1076 4150 Eois
1096 4101 1128 4148 ab
1144 4099 1208 4158 oris,
1224 4115 1256 4150 ex
1278 4097 1397 4152 Oriente

187 4226 189 4233 .
312 4181 428 4236 videtur.
783 4251 791 4261 ⁰
871 4190 1031 4244 venerat,ut
1041 4176 1119 4230 donis
1127 4175 1224 4234 oblatis
1224 4177 1328 4253 fudere
1338 4198 1396 4231 nors
