2859 4975
301 361 706 426 ΑΒΕΟΝΑΠΉΕΟΝ1
723 361 810 424 LIB.
833 362 913 425 VII.
1088 387 1148 450 129

124 495 188 562 Sed
202 495 274 560 fatis
292 517 364 559 sum
379 495 463 561 ricta
478 495 562 558 tuis:
576 516 654 581 cape
667 517 805 558 munera
817 496 953 583 supplex

125 584 201 675 Nou
219 599 310 690 mea,
331 624 431 695 teque
448 608 567 672 iterum
583 606 684 671 Pelias
702 607 730 670 si
749 607 883 694 perdere
899 625 1039 695 quaeret,

126 727 232 811 Inque
245 723 324 786 alios
340 744 448 804 casus,
467 722 608 809 aliasque
620 722 773 786 immittet
785 721 827 786 ad
839 723 951 805 urbes,

127 839 219 902 Heu!
234 838 347 900 formae
361 857 402 900 ue
418 834 513 900 crede
525 851 589 899 tuae
602 865 625 900 a.
639 813 765 899 Titania
775 837 906 923 jamque

128 952 301 1032 Gramina,
316 952 522 1038 Persaeasque
534 950 609 1014 sinu
625 949 817 1037 depromere
831 953 917 1016 vires
1113 982 1153 1026 aa

130 1070 298 1154 Coeperat3
314 1066 365 1129 his
385 1067 503 1128 iterum
520 1066 691 1152 compellat
705 1066 820 1129 Iasona
833 1066 948 1131 dictis:

173 1211 186 1236 «ι
197 1181 231 1244 Si
250 1196 358 1242 temen
374 1195 431 1242 aut.
445 1179 570 1266 superis
587 1179 728 1266 aliquam
742 1200 832 1267 spem
848 1182 943 1266 ponis
957 1183 992 1246 in
1006 1185 1097 1272 ipsis,

129 1297 196 1359 Aut
213 1309 268 1356 tua
284 1291 435 1379 praesenti
450 1291 551 1354 virtus
567 1289 706 1354 educere
725 1292 790 1355 leto

130 1409 165 1474 Si
180 1426 212 1472 te
226 1408 311 1471 forte
326 1421 449 1494 potest3
466 1421 498 1469 et
511 1405 577 1484 jam
595 1427 684 1468 nunc
700 1405 868 1493 deprecor,
885 1408 1015 1497 hospes,

131 1524 187 1588 Me
205 1523 291 1602 sine,
305 1537 337 1584 et
354 1520 517 1584 insontem
535 1519 653 1582 misero
670 1518 798 1584 dimitte
811 1524 936 1608 parenti
952 1554 976 1588 ι.

177 1635 328 1714 Dixerat,
348 1633 509 1719 extemplo
525 1631 644 1719 (neque
660 1633 747 1696 enim
763 1651 888 1699 matura
904 1639 1043 1703 ruebant

133 1750 260 1830 Sidera,
277 1766 309 1813 et
325 1765 505 1812 extremum
520 1746 684 1811 suffixerat
701 1771 759 1812 axe
773 1751 917 1837 Booten)

135 1867 221 1930 Cum
237 1865 362 1953 gemitu
380 1879 412 1926 et
430 1863 535 1926 multo
549 1863 662 1942 juveni
677 1861 890 1927 medicamina
906 1863 1002 1948 fletu,

134 1982 212 2045 Non
231 2001 323 2075 secus
341 2000 377 2041 ac
396 1977 531 2066 patriam
552 1977 683 2064 pariter,
702 1977 886 2064 famamque
903 1979 1084 2070 decusque,

123 2186 336 2243 447.Nar1cmea.
358 2181 444 2226 Sabell.
466 2180 519 2226 nid.
541 2181 605 2226 Carr.
631 2205 660 2214 -·
687 2180 741 2234 448.
759 2180 1009 2231 attaminatum.
1028 2186 1081 2233 cod.
1094 2189 1162 2234 Aliae

91 2267 208 2310 immittet.
220 2265 310 2308 Bouou.
324 2262 377 2308 cod.
390 2261 457 2308 Alias
469 2265 490 2305 te
502 2262 581 2306 mittet.
597 2261 661 2306 carr.
675 2287 705 2295 -
717 2261 771 2314 452.
789 2263 886 2323 seipsis
903 2263 968 2311 deest
981 2264 1005 2308 iu
1017 2266 1093 2313 Varie,
1108 2270 1160 2314 cod,

90 2347 118 2391 Si
132 2355 208 2388 tamen
219 2351 258 2387 aut
269 2343 363 2402 sumptis
377 2339 478 2402 aliquam
490 2357 551 2402 spem
563 2341 631 2402 portis
642 2341 667 2384 in
679 2342 756 2390 armis.
766 2341 831 2385 Carr.
842 2341 896 2386 cod.
905 2368 936 2376 -
947 2343 1001 2396 453,
1017 2347 1047 2389 Te
1060 2346 1162 2394 edacem,

91 2424 168 2470 Vatic.
189 2425 281 2468 Bouon.
305 2420 374 2466 codd.
392 2422 482 2465 Boron.
500 2421 556 2464 liet
576 2421 606 2464 11.
624 2445 655 2453 -
677 2419 731 2474 454.
755 2421 832 2464 Etiam
853 2437 921 2467 aune.
941 2422 1041 2483 Engeut.
1059 2451 1091 2460 ·-
1108 2428 1162 2487 457,

90 2505 228 2565 suffecerat.
241 2500 318 2547 Vatic.
327 2503 385 2546 Bou.
400 2500 470 2546 codd.
482 2502 540 2546 Bou.
552 2502 570 2546 l.
580 2501 645 2545 tunt.
656 2500 709 2545 ald.
722 2503 838 2545 Extremo.
852 2503 914 2547 tunt
926 2502 981 2549 ald.
990 2503 1089 2564 Eugeut.
1103 2508 1147 2554 Eu.

131 2702 193 2763 ¹446.
205 2701 254 2747 Sed
268 2700 337 2747 uicta
348 2716 401 2746 sum
407 2699 473 2764 fatis
489 2700 548 2755 tuis,
560 2706 607 2747 tuo
689 2699 874 2762 &osteario
898 2700 1002 2764 jamque
1028 2706 1162 2767 gramma,

95 2780 189 2832 mortis
210 2777 329 2848 periculo
339 2793 347 2837 3
363 2795 424 2843 cape
439 2794 541 2827 munera
553 2796 608 2843 sup·
653 2774 821 2838 Promethei,
833 2776 917 2828 fusius
929 2794 1008 2847 supra
1017 2778 1164 2852 descripta,

90 2856 610 2927 plectamvehementerpstita,exopta·
655 2873 677 2905 v.
700 2854 751 2905 356
776 2873 833 2925 sqq.
857 2861 1014 2923 Persaeasque
1036 2858 1165 2928 Hecates,

94 2952 120 2991 ta
132 2980 140 3005 ,
155 2956 206 2989 non
216 2956 285 2997 mea,
296 2935 423 2987 Maserius
435 2930 554 3005 supplet,
565 2931 610 2985 sed
655 2952 679 2984 v.
694 2932 823 2999 353-364,
832 2937 886 2985 sirm
897 2938 1050 3000 depromere,
1062 2957 1076 2991 e
1088 2959 1165 3006 zona,

95 3017 226 3078 deorum,
237 3026 284 3067 aui
297 3014 386 3065 verius
402 3014 514 3065 dasonis.
529 3012 610 3062 Hein·
655 3014 743 3083 μίτρᾳ,
754 3015 818 3062 vires
825 3051 833 3073 9
842 3032 943 3065 venena
954 3054 961 3078 ‚
973 3033 1092 3084 coeperat,
1104 3038 1168 3071 non·

97 3098 169 3148 sius:
185 3112 241 3146 non
257 3104 334 3158 mea,
351 3092 397 3143 sed
410 3093 527 3144 Hecates.
540 3092 611 3154 Quo·
655 3087 719 3140 dum
742 3090 769 3140 in
788 3109 882 3143 manus
898 3091 1020 3153 dederat,
1033 3096 1079 3146 sed
1098 3098 1167 3150 inter

97 3194 158 3227 rum
178 3173 245 3225 nihil
263 3170 298 3224 ad
322 3170 441 3242 palatum
464 3182 503 3222 est
523 3170 612 3239 quale·
654 3167 830 3239 promendum
859 3170 896 3221 ita
914 3172 1017 3240 pergit:
1037 3173 1064 3225 Si
1086 3194 1167 3245 quam

98 3272 215 3323 cumque
233 3270 341 3303 meum·
351 3251 406 3320 Ego
424 3250 504 3319 igitur
520 3249 610 3299 malim
655 3260 743 3299 tamen
757 3266 828 3315 spem
842 3248 919 3316 ponis
938 3249 965 3299 in
981 3250 1050 3313 Diis,
1067 3253 1108 3303 vel
1123 3265 1168 3308 tua

95 3335 210 3405 jungere
235 3348 296 3382 cum
323 3327 530 3399 praecedentibus
549 3330 614 3395 satis
659 3327 741 3397 ipsius
751 3326 955 3387 virtute,etiam
970 3346 1042 3382 nuuc
1056 3330 1113 3383 sine
1126 3352 1169 3387 me

100 3414 148 3461 ruis
167 3413 253 3469 vieta,
275 3406 453 3460 misericordia
472 3406 511 3457 tui
531 3407 614 3475 magis
658 3406 800 3465 insontem,
813 3408 901 3455 misera
908 3409 1003 3457 dimitte
1007 3414 1122 3475 parenti,
1136 3424 1170 3467 ne

101 3502 275 3559 mota,quam
288 3488 375 3539 auimo
387 3487 534 3557 obsequuta
543 3504 613 3548 meo,
659 3485 740 3556 impia
754 3485 794 3536 tui
813 3502 902 3535 amore
917 3486 945 3535 iu
960 3500 1096 3554 parentem
1109 3491 1169 3545 sim.

101 3569 149 3621 tibi
165 3568 201 3619 do
211 3585 321 3619 munera
331 3566 389 3616 ista.
696 3564 757 3626 456,
775 3569 897 3621 Dixerat,
917 3570 1052 3631 extemplo,
1066 3571 1170 3638 pericu·

140 3653 203 3715 447.
220 3649 302 3696 Pelias
320 3647 341 3694 si
354 3647 439 3695 iterum
453 3648 478 3694 iu
494 3647 556 3693 aiios
574 3662 615 3692 ca·
660 3643 715 3695 lum
730 3643 801 3694 enim
816 3642 910 3693 eratin
924 3662 1013 3709 mora,
1027 3645 1089 3715 quia
1104 3648 1171 3701 diiu-

103 3746 144 3777 sus
154 3727 266 3790 aliasque
275 3725 401 3782 immittet,
413 3722 496 3774 mittet
506 3721 554 3789 (nil
563 3738 617 3772 am·
661 3721 749 3776 culum
759 3720 1077 3795 appropinquabat(qn0d
1087 3732 1173 3800 ἄστρα,

105 3805 207 3876 plius),
222 3807 307 3863 urbes,
323 3805 483 3870 iteaJfirrmoe
502 3821 533 3851 ree
547 3804 618 3851 erede
660 3800 853 3872 vepafageffert
867 3804 964 3869 poeta),
986 3821 1040 3854 non
1060 3805 1117 3859 sine
1129 3828 1172 3878 ge·

107 3900 164 3935 treoe.
191 3883 249 3933 Hoc
270 3882 338 3933 bene
359 3882 514 3933 inventum:
538 3880 619 3931 laudo
662 3881 729 3931 mitu
753 3889 841 3930 temen
868 3892 893 3930 et
923 3882 1013 3933 multis
1040 3883 1170 3950 lacrimis,

106 3960 333 4033 pulchritudinem
344 3998 351 4023 ,
364 3960 409 4013 sed
418 3978 519 4025 vereor,
533 3971 563 4010 ut
572 3978 620 4010 un·
662 3956 935 4029 juvenimedicamina
943 3998 950 4023 ,
959 3980 1095 4024 nauseans,
1103 3983 1163 4018 cum
1171 3982 1191 4007 e

108 4058 191 4112 quam
203 4051 333 4092 terrarum
345 4040 477 4103 invenias,
491 4054 550 4109 quae
563 4050 621 4089 tan·
665 4057 717 4108 que
729 4037 776 4102 iis,
788 4042 912 4104 patriam,
925 4043 1036 4104 firmare,
1055 4046 1174 4112 decusque

110 4132 138 4171 to
150 4137 197 4170 suo
212 4118 329 4187 periculo
342 4130 367 4170 te
379 4119 439 4171 velit
452 4117 586 4189 adjuvare.
667 4120 762 4184 objicit,
779 4117 866 4169 tradit.

198 4216 243 4279 II.
1025 4235 1046 4296 9
