2859 4975
280 413 342 494 248
450 413 532 477 PIO
560 413 808 495 AUCTORE,
835 412 1193 482 SUPPLEMENTA

323 550 436 612 Aretes
453 567 561 634 genua
576 545 796 634 amplexuque
810 562 844 610 et
857 547 1005 634 supplice
1024 546 1138 611 dextra
1223 601 1228 614 ,

324 662 457 752 Reginae
475 660 598 749 tangit,
617 661 718 750 passis
736 685 797 751 per
813 663 895 727 colla
909 661 1043 751 capillis.

367 772 501 854 «Adsis,
516 795 537 836 o
554 774 684 863 regina,
699 775 801 856 mihi,
817 774 1013 865 placidoque
1026 776 1137 840 favore

256 898 258 911 “
324 887 779 977 Adspira,genibusque'tuis
799 889 950 954 miserere
964 890 1079 979 puellae

325 1000 504 1088 Supplicia,
529 1014 627 1088 atque
644 1000 715 1064 fero
732 1024 857 1083 neme,
876 1003 973 1090 rogo,
991 1001 1074 1067 dede
1089 1003 1228 1090 parenti.
1334 1019 1356 1057 2⁵

326 1116 394 1181 Scis
410 1116 532 1180 etenim
549 1131 711 1205 quantum
727 1119 830 1180 errori
849 1134 1075 1206 quantumque
1085 1118 1212 1206 periclo

327 1231 430 1296 Obvia
448 1231 489 1297 sit
509 1232 644 1296 mulier:
659 1254 733 1296 mea
746 1247 826 1296 tunc
842 1233 1020 1322 praecordia
1034 1235 1136 1297 movit

326 1348 426 1411 Dirus
442 1370 546 1428 amor,
564 1346 742 1412 vehemens
757 1363 790 1412 et
807 1371 881 1437 quae
898 1365 1008 1414 moret
1025 1349 1138 1413 omnia
1153 1349 1318 1437 Erinnys,

328 1463 405 1527 Non
419 1465 532 1526 furor:
546 1462 611 1527 hoc
630 1485 751 1527 novere
766 1465 851 1528 faces
865 1464 1063 1553 Hyperionis
1078 1465 1175 1546 astri,

329 1578 494 1665 Tectaque
513 1577 689 1665 noctivagae
706 1578 876 1644 Perseidos
890 1579 980 1668 orgia
992 1577 1085 1643 dive.

1189 1657 1196 1682 Ι

330 1692 545 1782 imprudens,
561 1693 689 1782 regina,
706 1693 840 1775 ducem,
859 1695 1096 1784 peregrinaque
1114 1694 1205 1757 navis

329 1810 482 1873 Transtra
495 1808 584 1891 subi,
598 1808 695 1873 tristis
710 1827 827 1897 stupor
840 1808 910 1872 haec
925 1809 1106 1896 persuasit,
1123 1809 1335 1898 Erinnysque

328 1923 464 2012 Impulit
479 1923 514 1986 in
530 1923 655 1986 lacinus
669 1945 677 1986 ε
690 1922 865 2012 prudentia
877 1923 983 1986 defuit
999 1923 1093 1987 orsis.

330 2043 406 2106 Non
424 2063 517 2104 secus
532 2062 570 2103 ac
586 2040 735 2104 thalamis
751 2039 878 2104 fueram
891 2039 1064 2127 impolluta
1080 2039 1244 2128 paternis,

329 2156 442 2220 Talem
461 2178 514 2219 me
530 2171 636 2220 castus
651 2175 780 2242 semper
795 2153 934 2218 servavit
947 2154 1054 2218 lason.

331 2270 372 2332 Aa
390 2265 574 2331 veneranda
588 2267 670 2349 mei,
684 2289 811 2354 quasso,
827 2268 982 2333 miserere
997 2268 1138 2353 doloris,

329 2388 485 2451 Fortunae
503 2384 655 2448 miserere
671 2405 775 2448 meae:
797 2399 834 2447 tu
850 2383 922 2459 diva
941 2384 1095 2448 maritum

257 2530 259 2535 ·
330 2503 455 2585 Flecte,
478 2514 571 2590 potes
587 2515 694 2563 certe:
717 2498 798 2587 quid
817 2499 904 2564 enim
924 2524 993 2565 non
1008 2501 1106 2564 unica
1122 2501 1255 2590 possis?

335 2618 388 2682 Sic
404 2618 464 2709 tibi
478 2614 514 2687 dl
529 2615 606 2680 felix
618 2638 746 2698 aevum,
757 2614 863 2679 felicia
879 2636 981 2705 regna

333 2736 440 2816 Dent,
458 2732 577 2813 decus,
598 2746 632 2795 et
648 2746 764 2812 natos,
787 2747 821 2796 et
838 2730 937 2796 nullis
953 2747 1080 2821 sceptra
1095 2732 1263 2820 periclis».

377 2848 467 2911 Talia
480 2869 557 2911 cum
573 2846 723 2935 lacrymis
740 2844 857 2910 Medea'
878 2862 911 2909 et
923 2847 1070 2935 supplice
1087 2845 1198 2911 dextra

331 2960 503 3027 Fundebat
518 2960 627 3024 faciles
643 2959 764 3048 reginae
779 2959 867 3025 mitis
886 2959 928 3024 ad
940 2962 1046 3025 aures.

330 3078 385 3141 Nil
397 3092 507 3141 actum
523 3069 633 3151 tamen
649 3075 720 3163 ipsa
734 3091 872 3165 putans,
888 3076 965 3140 licet
979 3077 1090 3141 omnia
1103 3093 1197 3142 caute

331 3193 476 3273 Curarit,
493 3191 607 3257 Graios
624 3191 731 3255 ”verbis
746 3190 793 3254 sic
809 3192 931 3256 mulcet
946 3192 1080 3256 amicis:

374 3309 535 3389 «Hermes,
548 3320 685 3396 augusta
698 3305 835 3388 cohors',
851 3304 1030 3394 divumque
1045 3306 1209 3396 propago,

332 3424 462 3488 Servate
475 3422 693 3499 incolumem,
713 3440 786 3506 quae
801 3440 860 3483 vos
878 3420 1017 3485 serravit
1035 3420 1075 3484 ab
1094 3420 1189 3485 hoste

331 3522 536 3617 Incolumes,
552 3556 624 3622 quae
640 3548 757 3597 cuncta
771 3531 881 3617 dedit,
900 3557 973 3622 quae
988 3552 1105 3600 cuncta
1118 3536 1252 3627 reliquit

333 3650 504 3717 Parrhasio
521 3649 650 3738 genitor
662 3648 756 3714 'dives
778 3673 851 3737 quae
864 3650 1010 3740 possidet
1026 3652 1117 3717 orbe.

228 3802 234 3817 ·
331 3768 389 3832 His
406 3765 509 3829 oculis
518 3812 528 3843 ,
551 3765 708 3852 inquam,
721 3764 772 3828 his
790 3766 911 3848 oculis,
928 3767 1037 3856 sopire
1052 3766 1229 3832 draconem

330 3879 464 3945 Vidistis
483 3901 554 3943 mea
570 3879 670 3942 verba
685 3878 811 3961 ferum,
828 3880 1049 3969 spirantiaque
1063 3905 1121 3945 ora

330 3998 514 4090 Taurorum
530 4010 668 4058 aeternos
685 3993 794 4082 ignes,
812 3996 1015 4085 restinguere
1029 3998 1134 4061 succis

320 4108 516 4207 *Herbarum
526 4109 689 4199 magicis,
707 4132 875 4201 curvoque
886 4110 1063 4204 adjungere
1081 4116 1205 4196 aratro,
