2859 4975
299 397 687 490 ansouaurrcou
715 423 803 487 ma.
826 422 887 488 vr.

1088 444 1130 538 ²³?

98 558 161 624 Nec
178 558 285 640 videt3
301 558 355 623 ille
368 572 478 623 autem
493 557 560 622 telo
576 554 796 621 moribundus
809 553 944 637 adacto,

98 674 165 738 «Ad
181 694 313 767 soceros
330 688 496 761 pactaeque
514 671 605 737 sinus
622 694 663 737 en
683 671 848 760 conjugis,
866 670 993 757 inquit,

98 790 196 869 Stire,
215 787 321 877 fugis,
336 787 456 851 vulnus
472 787 632 866 referens,
652 783 743 872 quod
758 784 902 849 carmine
918 784 1010 849 nullo
1091 802 1127 853 ηε

98 904 276 983 Sustineat,
295 900 461 989 nullisque
477 901 562 965 levet
574 898 690 963 Medea
706 899 872 964 venenis.»

98 1018 244 1099 Dixerat,
264 1030 428 1080 extremus
444 1037 547 1103 quum
560 1012 684 1079 lumina
697 1013 832 1101 corripit
844 1034 952 1091 crror,

98 1132 236 1219 Vosque
249 1152 397 1218 repressa
409 1129 483 1217 gelu
492 1150 735 1220 „percmsaque
747 1128 867 1191 veruca
879 1126 986 1192 tellus.

137 1247 225 1309 Hine
239 1245 366 1309 animos
381 1244 463 1309 acies
477 1260 592 1332 auget,
609 1266 795 1332 magnoque
810 1241 932 1307 doloris

98 1361 241 1425 Turbine
254 1358 459 1425 Gesandrum
473 1360 601 1425 Mavors
617 1358 720 1447 rapit3
735 1358 789 1423 ille
801 1372 966 1421 morantes
1089 1382 1126 1418 aa,

98 1478 265 1563 increpat,
283 1491 316 1539 et
331 1475 441 1539 stricto
456 1473 502 1539 sic
514 1489 610 1563 urget
621 1475 752 1561 Iazygas
765 1495 862 1537 ense:

99 1592 246 1679 «Nempe
265 1612 379 1654 omnes
393 1588 539 1653 cecidere
552 1610 661 1685 senes,
677 1610 796 1679 nempe
809 1589 915 1651 omnis
927 1588 1099 1677 ademptus

98 1708 182 1769 Ante
196 1721 306 1794 pater,
323 1726 394 1792 quae
407 1726 464 1767 vos
478 1703 587 1767 subito
602 1717 668 1765 tam
683 1700 768 1765 foeda
779 1717 928 1767 senectus

101 1820 281 1907 Corripuit,
298 1818 458 1909 fregitque
471 1817 614 1898 animos,
627 1831 726 1903 atque
739 1816 873 1880 abstulit
883 1816 969 1881 iras?
1114 1890 1118 1895 ,

99 1937 165 1998 Aut
182 1958 314 1999 mecum
331 1931 491 2014 mediam,
506 1931 659 2014 juvenes,
676 1931 779 2019 agite,
793 1930 837 1995 ite
850 1954 909 2018 per
922 1932 1055 2013 urbem,
1089 1958 1125 1995 aas

102 2048 349 2137 Argolicamque
365 2068 497 2110 manum
509 2034 523 2127 ,'
535 2061 592 2109 aut
605 2045 686 2109 caris
700 2044 885 2109 occumbite
898 2046 980 2111 natis
991 2077 1014 2110 a.

101 2162 214 2243 Irruit,
230 2173 263 2225 et
277 2160 395 2251 patrias
408 2138 519 2248 coeptis
534 2159 621 2225 ferus
634 2157 770 2223 advocat
782 2157 932 2223 umbras:

89 2412 138 2458 277.
157 2399 256 2461 Corripit
265 2396 351 2443 horror.
361 2398 425 2443 lunt.
442 2405 668 2458 apostatamque
683 2396 713 2442 ad
729 2395 795 2440 carr.
813 2422 843 2430 —
860 2410 914 2458 279.
928 2399 1073 2461 Magnusque
1086 2400 1126 2444 de-

61 2476 122 2525 lores.
132 2478 207 2524 Vatic.
219 2480 312 2524 Bonon.
324 2477 394 2524 codd.
406 2486 430 2524 et
441 2477 494 2525 edd.
507 2491 582 2538 usquc
598 2476 628 2522 ad
647 2476 712 2524 Carr.
728 2503 758 2511 -
775 2477 829 2523 286.
851 2479 901 2523 Aut
918 2476 988 2522 claris
1004 2479 1127 2524 occumbite

54 2557 130 2616 sactes.
141 2560 206 2604 lunt.
224 2567 248 2604 et
260 2567 361 2620 postera.
374 2560 424 2605 Aut
438 2557 506 2603 claris
521 2557 643 2608 occumbite
649 2557 722 2620 satis.
731 2557 785 2603 Vct.
792 2556 864 2602 Paris.
876 2557 972 2604 etCarr.
983 2560 1028 2603 let
1039 2560 1070 2605 ll.
1082 2561 1125 2606 En.

93 2795 151 2846 277.
166 2780 288 2836 Dixerat,
301 2789 424 2828 ectrernus
446 2795 519 2843 quum
531 2779 568 2827 lu·
612 2775 768 2827 memoriam
779 2773 946 2827 revocandus
958 2786 997 2827 est
1009 2774 1081 2846 apud
1089 2777 1130 2827 Ia-

61 2859 122 2906 mirra
134 2859 234 2924 corripit
241 2875 318 2907 error.
328 2856 407 2908 Recte
417 2855 503 2921 error(
513 2873 568 2906 non

61 2938 148 2995 horror,
162 2933 236 3005 quod
246 2933 304 2985 aliis
315 2934 451 3005 placuit),
464 2933 498 2985 de
506 2933 568 2985 cali·

61 3013 114 3082 gine
132 3013 268 3066 morientis
281 3012 366 3065 oculis
385 3013 488 3075 offusa,
510 3029 568 3082 quae

62 3093 119 3144 facit
129 3130 137 3154 ,
147 3104 176 3145 ut
188 3130 195 3154 ,
208 3111 267 3163 quae
280 3091 364 3144 oculis
377 3091 567 3157 obversantur,

61 3189 109 3222 iton
125 3171 237 3242 amplius
256 3171 328 3224 clara
347 3183 426 3244 atque
444 3170 569 3224 distincta

60 3263 208 3320 appareant.

94 3329 220 3398 279·385.
236 3329 285 3381 Res
300 3347 316 3382 a
329 3333 473 3389 Gesandro‚
492 3330 569 3401 Iazy-

61 3427 120 3478 gum
131 3427 193 3480 rege
205 3446 213 3472 ,
224 3409 347 3480 praeclare
360 3420 437 3480 gestae
449 3407 571 3480 pluribus

61 3501 225 3540 enarrantur.
235 3491 313 3548 Hirro,
326 3487 378 3540 hac
389 3499 474 3540 morte
483 3489 570 3540 Anau-

62 3568 110 3630 sis,
122 3570 217 3638 animos
228 3569 294 3619 acies
307 3580 393 3634 auget,
406 3577 571 3637 exasperatur

62 3648 186 3698 exercitus
196 3665 203 3710 ;
214 3665 357 3714 magnoque
366 3649 458 3698 doloris
468 3648 569 3706 trtrbiae,

60 3725 173 3797 impetu,
184 3726 268 3778 nimio
281 3725 372 3777 dolore
390 3726 572 3796 perturbatum

61 3807 143 3872 (carbo
158 3816 197 3858 est
214 3805 243 3856 in
256 3803 407 3870 vocabulis,
421 3822 479 3875 quae
489 3803 571 3856 Valc-

61 3883 113 3934 rius
129 3895 201 3936 amat
210 3886 235 3952 ),
250 3887 404 3934 Gesandrum
415 3889 514 3934 Mavors
528 3903 571 3932 ra·

60 3966 105 4027 pir,
114 3963 159 4034 qui
168 3963 298 4035 Iazygas,
306 3963 377 4016 cives
387 3979 464 4027 suos,
474 3981 572 4013 moran·

62 4056 94 4093 tes
104 4047 223 4110 increpat.

96 4121 153 4173 282.
168 4121 211 4174 Ad
223 4119 423 4192 intelligendam
436 4121 570 4183 acerbam,

63 4217 120 4270 quae
137 4201 255 4273 sequitur
264 4238 272 4266 ,
295 4201 524 4273 objurgationem,
540 4202 567 4254 in

613 2872 693 2926 zygas
709 2865 830 2924 receptus
846 2873 922 2920 snos,
938 2866 968 2904 ut
985 2873 1061 2906 senes
1075 2873 1130 2907 non

613 2951 659 2985 sua
672 2945 758 2984 morte
769 2945 952 2995 morerentur,
963 2932 1010 2986 sed
1018 2933 1081 2984 siliis
1093 2953 1131 2987 se·

613 3032 640 3065 se
659 3011 857 3065 interficiendos
876 3013 1086 3075 committerent3
1105 3031 1130 3064 v.

613 3111 693 3162 supra
706 3111 764 3144 raa.
776 3093 829 3143 Rex
838 3091 920 3162 igitur
929 3091 1049 3163 increpat
1058 3092 1132 3162 igna-

613 3187 673 3222 ros:
689 3172 798 3237 Nempe(
810 3188 868 3240 quae
882 3170 976 3222 vocula
994 3170 1088 3222 itidem
1100 3183 1131 3221 ut

614 3253 708 3300 scilicet
716 3249 744 3299 in
755 3249 842 3300 ironia
851 3249 918 3300 solet
929 3248 1067 3317 adhiberi)
1077 3267 1130 3298 om·

614 3350 658 3382 nes
686 3331 798 3380 cecidere
825 3348 910 3387 senes,
945 3346 1030 3396 nempe
1050 3331 1131 3379 omnis

615 3413 742 3476 ademptas
749 3422 840 3476 pater:
850 3407 985 3475 qtraesoeda
998 3421 1127 3467 saracems,

615 3506 695 3559 quam
711 3485 802 3557 dispar
813 3487 847 3538 ab
857 3489 964 3558 patrum
977 3497 1129 3548 senectute,

615 3586 674 3638 quae
686 3566 792 3638 ignavia
806 3569 939 3632 corripuit?

654 3648 714 3698 285.
729 3648 781 3696 Aut
796 3664 890 3695 meeum
907 3647 989 3697 ite.....
1006 3659 1049 3695 aut
1061 3648 1126 3696 caris
1159 3645 1168 3666 ⁸

616 3726 748 3777 occumbite
770 3728 850 3783 nans,
869 3723 985 3776 liliorum
1007 3725 1130 3778 manitius

616 3801 819 3856 interficiamini.

653 3885 712 3953 287.
727 3885 816 3944 Irruit,
832 3896 855 3934 et
860 3885 958 3948 patrias
968 3886 1049 3951 carptis
1056 3885 1128 3951 finis

616 3966 723 4012 advocat
734 3966 847 4021 umbras,
864 3979 954 4013 manes
972 3961 1053 4031 patris
1069 3982 1131 4035 pro·

615 4054 708 4106 vocat,
723 4054 753 4093 ut
763 4058 858 4114 pugnae
870 4052 949 4092 testes
962 4040 1059 4094 adsint.

654 4122 713 4173 288.
731 4125 821 4172 Sancte
838 4126 945 4188 Vorapte
961 4136 1046 4188 pater,
1068 4141 1131 4173 nam

618 4181 708 4255 mbnes
718 4201 811 4272 priscis
822 4218 871 4270 pro
883 4200 1037 4253 numinibus
1046 4211 1131 4264 erant,
