2859 4975
287 412 350 497 370
676 401 956 466 CATALOGUS

286 534 438 626 Eriboten
452 543 641 608 vocaverat3
656 525 772 588 eodem
791 525 893 589 modo
911 542 948 589 ut
965 526 1187 611 moxErytum
1204 539 1237 587 et
1249 524 1349 608 Eury·

286 655 352 704 tum
368 635 520 702 eumdem
539 631 639 696 fuisse
655 631 848 696 videbimus.
867 631 1025 694 Maserius
1040 631 1074 692 in
1093 631 1179 694 notis
1194 628 1235 692 ad
1248 629 1348 692 Valer.

287 745 390 809 Flacc.
405 744 441 821 l,
458 741 535 818 401,
551 737 612 817 ait,
632 735 764 823 Orphea
778 736 917 799 scribere
940 734 1091 798 Eriboten
1112 733 1282 797 medicinae
1297 757 1352 820 pe·

286 847 476 914 ritissimum
500 844 616 922 fuisse,
641 858 674 905 et
696 841 780 904 Oilei
799 841 937 919 vulnus,
958 863 977 902 a
993 838 1270 928 Stymphalidibus
1286 838 1352 902 illa·

286 971 375 1033 tum,
394 971 541 1030 sanasse;
559 969 631 1035 quae
647 967 709 1034 ego
726 946 868 1032 reperire
883 967 949 1008 non
966 945 1060 1032 potui
1079 945 1113 1007 in
1132 944 1284 1032 Orpheo;
1301 943 1353 1006 sed

287 1085 324 1125 ea
343 1074 450 1123 narrat
464 1053 674 1143 Apollonius,
697 1051 753 1116 lib.
770 1053 817 1132 ll,
834 1074 917 1115 vers.
940 1050 1023 1115 1032
1048 1066 1080 1113 et
1102 1073 1169 1136 seq.
1192 1065 1352 1112 ettamen

285 1169 319 1230 in
334 1154 436 1230 lexico
449 1161 605 1225 historico
619 1180 733 1221 secure
747 1157 938 1242 compilator
948 1156 1012 1218 hoc
1026 1179 1065 1219 ex
1077 1155 1210 1242 Orpheo
1223 1178 1354 1243 quoque
1414 1136 1415 1195 3

213 1283 215 1292 '
285 1271 392 1336 tradit.
420 1266 609 1345 Pausanias,
635 1262 690 1326 lib.
711 1264 753 1343 V,
784 1282 835 1347 17,
865 1262 900 1323 in
926 1260 1011 1323 ludis
1040 1259 1235 1323 funebribus
1261 1261 1353 1324 Peliae

284 1376 468 1461 Eurybotan
486 1369 577 1434 disco
595 1384 733 1432 certasse
754 1382 871 1429 narrat.
895 1364 959 1428 Sed
977 1366 1049 1451 quis
1066 1365 1164 1428 fuerit
1177 1365 1231 1427 ille
1250 1366 1354 1429 incer·
1414 1336 1415 1357 Χ

284 1499 355 1546 tum
372 1501 441 1542 esse
457 1477 508 1539 ait.
524 1474 623 1537 Forte
638 1487 750 1535 noster
764 1472 950 1557 Argonauta
965 1469 1142 1551 Eurybates
1156 1470 1235 1549 fuit,
1256 1493 1352 1556 quem

284 1611 351 1652 non
376 1586 495 1648 mirum
521 1602 582 1643 nos
607 1579 772 1667 ignorare,
790 1577 818 1639 si
844 1577 1017 1640 Pausanias
1041 1575 1124 1638 nihil
1147 1576 1227 1639 certi
1250 1575 1294 1639 de
1318 1599 1354 1639 eo

283 1693 453 1757 resciscere
471 1685 626 1775 potuerit.
649 1685 701 1746 An
723 1681 924 1745 interciderit
942 1681 1099 1744 memoria
1115 1682 1212 1761 hujus
1229 1683 1354 1763 herois,

283 1803 357 1888 quia
374 1811 485 1885 postea
502 1791 672 1877 Eurybates
690 1812 810 1852 nomen
831 1790 874 1851 ita
892 1787 1083 1851 infamatum
1105 1787 1203 1851 fuerit
1222 1807 1355 1877 propter

282 1911 389 1969 furem
415 1917 446 1964 et
472 1899 642 1962 scelestum
666 1895 867 1979 Eurybaten,
891 1893 942 1957 vel
974 1893 1173 1977 Eurybatum
1195 1893 1257 1982 (de
1291 1919 1354 1982 quo

282 2011 355 2074 vide
373 2005 506 2072 Suidam
526 2019 558 2065 et
575 2001 621 2065 ibi
637 1999 802 2085 adnotata)
823 2014 859 2062 ut
871 1999 1051 2085 Eurybaten
1065 2023 1125 2088 pro
1142 2001 1280 2063 scelesto
1297 2002 1355 2064 ho·

282 2118 369 2180 mine
384 2107 601 2198 usurparent?
611 2107 654 2169 ita
668 2107 773 2169 utitur
783 2104 872 2193 apud
882 2105 997 2169 Athen.
1010 2105 1075 2187 IX,
1087 2104 1117 2187 8,
1127 2105 1354 2193 Amphis5vid.

259 2287 261 2294 ,
283 2241 314 2286 et
329 2219 518 2306 Alciphron.
531 2214 633 2302 Epist.
646 2213 705 2292 Ill,
716 2235 768 2294 20,
777 2229 809 2274 et
822 2211 868 2273 ibi
883 2228 975 2274 notas
986 2212 1143 2300 Bergleri3
1158 2228 1191 2274 ct
1206 2212 1354 2276 Eustath.

193 2385 194 2389 ,
252 2355 254 2362 ·
282 2327 322 2391 ad
341 2328 476 2390 Homer.
496 2321 532 2385 Il.
552 2321 585 2400 I,
611 2318 694 2399 320,
721 2303 779 2380 ubi
800 2317 923 2380 mentio
941 2317 1113 2405 Eurybatis
1134 2327 1254 2399 κήρυκος,
1280 2317 1356 2380 dicit

283 2431 359 2495 inde
381 2435 591 2510 Eripusseruliclei
617 2444 677 2512 pro
701 2433 894 2503 πονηριὺισθαι,
922 2437 955 2484 et
979 2421 1188 2510 proverbium
1212 2431 1355 2499 nopotem

286 2548 387 2618 πονηρὸν
404 2539 468 2597 οἶδεν
485 2537 584 2612 ἄνδρα,
602 2546 730 2608 ortum,
750 2517 842 2590 etsie
858 2528 1273 2617 omnesParoemiographi.
1289 2532 1356 2593 Eu·
1413 2537 1414 2614 ᾗ

285 2645 430 2729 tybatum
448 2642 564 2721 alium,
584 2635 746 2724 Euphemi
769 2634 889 2716 filium,
907 2652 1065 2698 memorat
1082 2638 1201 2701 Anton.
1221 2636 1355 2701 Liberal.
1413 2621 1414 2690 i

286 2752 415 2815 Metam.
435 2770 503 2835 cap.
522 2746 552 2810 8.
735 2739 739 2748 ’
917 2750 921 2759 ’

329 2974 553 3048 ΕΠΜΕΒΟΝ,
570 2973 630 3035 soli
638 2972 770 3059 Hygino
787 2987 1001 3052 memoratus,
1015 2971 1068 3033 cui
1084 2970 1192 3035 Liberi
1208 2972 1311 3059 patris
1327 2988 1357 3035 et

284 3082 452 3160 Ariadnae,
478 3079 598 3143 Minois
621 3076 713 3157 filiae,
737 3077 822 3141 filius
846 3093 910 3159 est,
937 3094 968 3141 et
997 3100 1037 3140 ex
1058 3077 1212 3142 Phliunte
1231 3078 1356 3141 venisse

285 3190 420 3269 dicitur,
435 3188 478 3248 ita
492 3199 531 3247 ut
546 3184 644 3251 frater
657 3183 757 3245 fuerit
768 3182 942 3269 Pllleiantis
955 3199 986 3245 et
1000 3183 1164 3271 Staphyli,
1183 3182 1356 3271 dequibus

283 3297 366 3359 infra
383 3292 586 3372 videbimus3
606 3312 770 3376 nusquam
790 3311 869 3352 vero
888 3290 980 3352 hunc
1000 3290 1220 3377 Argonautam
1243 3290 1356 3377 depre-

285 3398 429 3464 hendere
445 3394 555 3485 potui,
573 3416 679 3483 neque
696 3394 765 3473 ejus
782 3409 904 3455 nomen
922 3393 1007 3456 inter
1023 3391 1107 3457 filios
1120 3393 1254 3470 Bacchi,
1273 3416 1356 3481 quos

285 3520 454 3569 enumerat
473 3502 665 3566 scholiastes
681 3501 832 3587 Apollon.
848 3500 916 3579 Ill,
939 3500 1022 3585 996,
1043 3522 1143 3587 quare
1166 3523 1242 3565 eum
1263 3498 1355 3563 inda·

285 3610 428 3699 gaudum
444 3607 643 3671 felicioribus
662 3606 822 3693 relinquo.

327 3836 577 3917 EUPHEMUS,
599 3835 679 3897 nulli
700 3835 997 3923 Argonauticorum
1025 3836 1223 3923 scriptorum
1246 3834 1355 3923 negle-

282 3963 371 4027 ctus,
398 3943 545 4031 Neptuni
570 3940 672 4019 lilius,
699 3942 862 4003 Taenarius
889 3940 1006 4028 patria,
1038 3964 1078 4004 ex
1099 3942 1246 4028 Europa,
1270 3942 1356 4027 Tityi

281 4052 361 4131 filia,
379 4050 518 4138 Hygino.
538 4046 662 4111 Taenari
681 4068 738 4109 rex
762 4045 861 4109 luisse
882 4045 1002 4109 dicitur
1019 4046 1190 4109 Scholiasti
1207 4044 1357 4125 Pindari,

278 4158 373 4247 Pyth.
392 4154 456 4220 od.
472 4155 528 4234 IV,
546 4154 585 4217 δι
602 4169 634 4216 et
650 4152 725 4239 307,
739 4152 773 4213 in
792 4176 856 4239 qua
875 4152 937 4217 ode
955 4153 1056 4217 multa
1073 4146 1142 4233 ejus
1158 4153 1292 4217 mentio.
1305 4150 1355 4215 Ad
1412 4195 1413 4242 ,
