2859 4975
234 421 298 484 266
388 419 475 483 1³10
502 398 1152 499 numerumnunerum

278 548 447 612 Fluctibus
461 561 635 636 angustant
649 567 739 610 sese:
757 547 803 610 sic
815 547 863 610 ire
876 547 994 612 licebit.

279 667 310 727 ls
329 679 444 751 portus
464 662 521 749 qui
537 661 679 725 divinam
697 660 872 748 Pelopsida
887 676 1006 724 terrem
1411 720 1412 729 ,

278 777 413 866 Dirigit,
429 776 570 839 excelsas
586 776 671 839 ultra
687 777 792 839 Cretas
811 775 934 838 eminet
948 797 1032 839 oras.

277 890 427 955 Tendere
445 891 472 954 si
489 891 523 953 in
543 889 694 956 dextrum
711 890 809 954 libeat
826 890 928 971 latus,
945 889 1035 953 unda
1055 905 1208 980 vagantes
1411 898 1412 933 l

277 1005 445 1087 lncludet,
468 1007 667 1096 pelagusque
685 1020 816 1070 tumens
836 1005 988 1070 innabilis
1003 1004 1111 1070 undae.
1272 1030 1314 1068 sss
1411 982 1412 1021 ¹

254 1120 258 1126 ’
279 1120 380 1204 Quod
393 1121 420 1184 si
436 1120 508 1208 quis
526 1119 654 1185 modice
670 1119 827 1202 declinet,
841 1119 944 1184 limite
959 1135 1050 1183 recto

277 1235 402 1324 Puppis
420 1234 590 1300 inoffensis
606 1233 745 1298 sulcabit
760 1235 876 1298 caerula
891 1233 981 1298 velis.
1216 1264 1219 1273 <

278 1351 401 1412 Verum
417 1348 518 1437 agite,
536 1349 671 1429 heroes,
695 1349 859 1438 agilesque
875 1323 1057 1414 incumbite
1074 1350 1196 1419 remis:

278 1465 353 1528 Fata
367 1464 451 1527 viam
462 1483 480 1544 ,·
494 1478 674 1551 portusque
693 1461 837 1545 dabunt,
855 1464 1020 1552 vestrique
1036 1462 1199 1530 labores.»
1411 1542 1412 1559 χ

321 1582 396 1656 Haec
413 1578 471 1641 ubi
488 1577 573 1641 dieta
588 1576 696 1660 dedit,
713 1579 823 1642 cuncti
837 1578 874 1641 in
890 1601 948 1644 sua
964 1595 1103 1643 transtra
1121 1578 1295 1642 recedunt.
1411 1564 1412 1647 i

278 1690 424 1756 Pandere
440 1693 512 1757 vela·
523 1692 632 1774 juvat,
648 1694 819 1780 tonsisque
836 1694 932 1757 ferire
946 1685 1109 1782 paludem.
1269 1711 1312 1750 δοῦ

277 1807 404 1870 Tritoni
421 1805 588 1895 pecudum
605 1808 779 1872 lectissima
793 1827 931 1897 corpora
946 1824 1084 1891 mactat,

182 1940 184 1946 ·
279 1923 321 1986 Et
335 1945 467 1986 carmen
483 1923 628 1987 solemne
644 1945 764 1993 canens
779 1924 914 1988 vittatus
930 1925 1046 2005 Iason,

277 2035 421 2100 Numina
435 2052 554 2100 cuncta
570 2037 666 2100 maris
682 2037 835 2124 precibus
851 2052 962 2125 rogat,
983 2052 1082 2124 atque
1097 2036 1141 2100 ita
1157 2035 1267 2100 fatur:

320 2149 426 2213 «Diva
440 2150 551 2237 palus,
567 2171 724 2238 sacraque
738 2149 820 2215 deus
836 2149 893 2238 qui
909 2147 1000 2236 degis
1013 2147 1049 2210 in
1062 2145 1169 2227 unda,
1272 2163 1313 2202 ειν

277 2263 411 2328 Finibus
429 2264 480 2338 his
498 2264 556 2353 qui
570 2280 697 2328 ostenta
715 2264 797 2327 mihi
814 2263 983 2367 manifesta
998 2261 1133 2343 dedisti,
1225 2309 1228 2312 -

279 2379 352 2444 Sive
371 2395 461 2444 tenes
478 2379 582 2468 pelagi
598 2380 669 2443 loca
680 2379 815 2459 Triton,
836 2379 943 2442 incola
957 2377 1110 2465 Phorcyn

279 2493 343 2556 Seu
361 2508 474 2574 vocat,
490 2508 548 2557 aut
563 2493 668 2582 pelagi
683 2494 898 2558 celebrantte
915 2492 1019 2556 Nerea
1033 2490 1217 2579 Nymphae,

206 2672 209 2679 ,
280 2606 328 2669 Sis
343 2605 507 2693 placidus,
518 2604 617 2669 finem
631 2623 793 2689 statuens,
813 2606 1118 2694 metamquelabori
1130 2638 1153 2670 υ.

321 2720 428 2802 Dixit,
449 2720 530 2784 etin
547 2720 669 2789 medias
685 2737 830 2785 mactatae
843 2720 1097 2810 porricitundas
1273 2741 1312 2778 ⁶1⁵

278 2834 400 2898 Guttur
412 2834 481 2897 ovis
495 2834 615 2899 feriens
628 2837 733 2925 puppi
747 2857 882 2900 securus
896 2836 937 2899 ab
951 2836 1025 2898 alta.

276 2948 442 3011 Continuo
457 2965 592 3037 apparet
610 2950 721 3039 magni
736 2972 796 3038 per
809 2950 906 3013 inane
919 2945 1124 3037 profundum

277 3061 407 3151 Effigies
425 3065 610 3141 veneranda
627 3064 697 3147 dei,
714 3067 812 3156 longe
827 3088 958 3153 aequora
970 3055 1115 3129 remens.

278 3176 356 3239 Non
376 3200 469 3241 secus
486 3201 524 3243 ac
542 3181 569 3243 si
589 3179 722 3267 quando
738 3181 834 3244 orbes
851 3202 910 3267 per
923 3178 1037 3268 agonis
1053 3194 1205 3242 ovantem

276 3290 447 3357 Thessalus
465 3295 531 3383 egit
548 3316 689 3382 equum,
708 3294 848 3383 pedibus
863 3316 897 3357 se
914 3293 1018 3374 tollit,
1039 3293 1212 3356 honestam
1249 3359 1252 3364 ,
1271 3311 1310 3349 62⁰

277 3408 475 3473 Concutiens
492 3410 616 3475 cervice
629 3410 761 3491 jubam,
778 3408 929 3495 saltuque
944 3408 1070 3471 volucri

271 3511 418 3605 Emicat,
438 3524 631 3611 intorquens
650 3524 772 3587 alterna
791 3523 959 3585 volu-mina
970 3544 1132 3602 crurum,

278 3636 436 3700 Dictantis
453 3635 578 3700 domini
597 3654 705 3702 tamen
722 3636 824 3700 ardua
841 3638 929 3717 jussa
948 3636 1097 3725 capessit.

277 3752 420 3814 Ulterius
433 3751 621 3817 moderator
637 3753 723 3843 agit:
749 3752 795 3836 sic
805 3752 943 3817 Palladis
959 3754 1045 3842 Argo

276 3865 387 3930 Heleia
403 3867 580 3957 corripiens
597 3869 729 3949 Triton,
745 3868 799 3933 cui
812 3869 932 3933 vertice
948 3890 1080 3932 summo
1274 3887 1313 3924 ⁶2⁵

277 3981 318 4042 Et
328 3996 425 4067 caput
434 4028 442 4061 ,
450 3998 548 4070 atque
556 3982 723 4063 humeros,
735 3974 938 4070 cinctusque,
946 3983 1122 4069 alvumque
1134 3982 1195 4045 snb
1210 3982 1311 4069 ipsam

277 4092 425 4172 Majestas
443 4111 565 4159 aeterna*
575 4097 698 4161 micans
715 4096 766 4161 dis
781 4096 924 4161 reddidit
938 4120 1081 4184 aequurn.
