2859 4975
284 421 410 484 nour
443 416 690 482 oosroots
721 413 877 482 nonu.
1050 416 1110 506 157

92 555 123 605 V.
135 553 192 620 359.
205 557 287 602 Durat
299 553 395 616 editque
409 568 488 599 cruor.
498 578 533 588 -
542 545 694 618 Lugendum
707 563 803 598 censeo
816 562 878 598 cum
890 547 978 600 Bulreo
992 559 1018 599 et
1030 546 1112 600 Hein-

66 637 153 687 siculis.
163 637 203 686 Ea
218 645 258 688 est
266 632 354 686 Vatic.
371 632 432 684 cod.
453 630 597 700 scriptura,
611 641 640 680 ut
652 632 699 682 alit
708 641 734 682 et
746 633 799 680 edit
809 629 942 700 potuerint
956 630 1034 683 facile
1048 649 1112 683 con·

66 717 137 768 fundi.
148 715 245 768 Attrita
257 715 384 785 scriptum
396 714 488 766 esseio
498 712 583 765 Vatic.
595 710 655 764 cod.
663 711 801 764 verisimile
812 725 869 778 est,
880 723 910 765 ut
921 713 996 766 litera
1009 733 1026 764 a
1037 732 1113 784 supe·

66 796 117 848 riori
135 808 208 865 parte
222 796 339 860 detecta,
356 794 460 849 duobus
475 794 551 848 lineis
569 805 715 856 constaret,
737 812 852 865 quarum
872 795 946 868 prior
959 797 1015 850 visa
1034 796 1069 850 sit
1085 818 1112 859 e,

66 878 180 948 posterior
200 896 263 930 sero
285 897 345 931 cum
365 878 438 931 litero
458 883 469 928 I
489 879 644 949 conjuncta,
663 877 751 930 habita
773 878 809 931 sit
825 896 875 948 pro
892 882 921 940 d,
937 878 989 932 bac
1007 880 1063 932 fere
1079 879 1112 931 ii·

65 980 116 1031 gura
128 981 134 1013 :
147 966 207 1014 cuit.

92 1102 119 1150 V.
130 1101 191 1170 375.
204 1105 289 1166 erals's
298 1104 379 1152 adbuc
389 1117 481 1152 teneros
489 1119 625 1176 supremum
630 1103 731 1168 pallida
731 1102 801 1167 setus

203 1189 284 1234 Mater
294 1187 326 1235 ab
335 1188 429 1234 excelso
439 1186 559 1250 produxit
567 1187 592 1233 iu
602 1202 663 1232 aera
672 1184 745 1241 uuio,

204 1271 373 1333 Hortaturque
383 1268 463 1333 sequi,
474 1268 628 1333 brevibusque
636 1268 758 1332 insurgere
763 1267 857 1332 pennis.

68 1390 110 1440 «In
123 1388 208 1461 priori
223 1388 367 1454 versiculo,
380 1387 465 1460 inquit
477 1389 648 1457 Wagnerus,
663 1387 696 1437 N.
711 1385 848 1453 Heinsius,
858 1386 904 1457 qui
913 1387 1021 1440 omnino
1029 1388 1114 1444 nodos

66 1474 125 1526 houd
135 1493 197 1528 raro
211 1492 329 1546 querere
347 1483 416 1526 amnt
432 1473 460 1526 in
474 1473 575 1543 scirpo,
585 1471 627 1524 vel
643 1469 732 1522 invitis
748 1469 908 1522 membranis
920 1487 969 1540 pro
979 1491 1116 1539 supremum

65 1556 106 1626 legi
112 1557 185 1628 jubet
198 1561 241 1608 ubi
247 1555 369 1625 primum,
382 1575 435 1627 quo
452 1555 557 1608 tibicine
571 1572 637 1625 opus
651 1571 705 1605 non
719 1565 766 1605 est,
780 1552 850 1605 Illud
861 1557 918 1614 ubi,
929 1553 1002 1624 qnod
1011 1554 1115 1609 deside·

65 1650 98 1690 rat
110 1639 249 1704 Heinsius,
264 1651 304 1696 est
319 1639 345 1690 in
366 1642 459 1707 qualis,
472 1637 546 1709 quod
561 1655 630 1708 stepo
642 1637 678 1688 ita
694 1654 743 1706 pro
757 1639 821 1687 sicut
833 1636 862 1686 in
877 1638 1116 1708 comparationibus

66 1724 175 1794 usurpari
187 1723 263 1775 solet.
280 1722 361 1788 Quod
375 1721 486 1794 eiigitur
498 1720 606 1792 disjecta
621 1731 703 1790 poetro
716 1719 835 1773 membre
845 1718 883 1772 ita
896 1719 925 1771 iu
940 1718 1061 1772 ordinem
1071 1739 1116 1774 co·

66 1823 114 1874 gas,
121 1807 210 1858 omnia
221 1806 331 1858 habebis
341 1807 419 1876 plana
427 1816 453 1856 et
462 1804 609 1875 perspicua.
619 1828 632 1848 n
641 1802 768 1874 Sequitur
776 1801 955 1873 interpretatio
965 1821 1044 1873 quam
1054 1804 1116 1858 vide

67 1906 106 1939 suc
116 1889 190 1950 loco,
202 1907 264 1960 pag.
282 1889 339 1941 1²3.
349 1886 430 1940 Addit
438 1889 593 1960 Wagnerus
602 1904 609 1938 :
622 1910 632 1932 ι
643 1886 704 1938 Non
713 1885 866 1956 erat,quod
875 1886 993 1938 Jortinus
1003 1886 1031 1938 in
1040 1886 1115 1940 truc.

66 1971 132 2024 Obss.
150 1973 192 2024 1v
196 2011 204 2036 ,
220 1991 284 2040 spo,
302 1972 395 2041 reponi
410 1973 513 2044 juberet
529 1973 635 2030 callida,
651 1969 727 2030 ideo,
740 1967 814 2040 quod
824 1970 915 2022 Venus
929 1987 984 2021 nou
1001 1971 1116 2040 potuerit

67 2053 111 2108 dici
120 2060 229 2123 pallida.
247 2055 347 2120 Quidni
363 2055 442 2108 vero?
454 2053 573 2108 noudum
592 2053 663 2107 enim
681 2064 739 2104 tum
752 2065 823 2106 certa
840 2053 922 2106 animi
934 2051 1034 2106 Medera
1045 2065 1115 2120 erat,

67 2152 157 2190 tremens
168 2138 237 2192 adeo
244 2139 405 2204 nominatur,
413 2158 439 2190 v.
452 2139 502 2207 394
512 2163 532 2188 a.

95 2221 168 2274 Conf.
178 2221 258 2274 Ovid
268 2221 374 2275 Metam.
386 2221 462 2286 VIII,
474 2221 523 2274 213
535 2238 543 2273 ι

211 2373 527 2388 .....................
542 2339 606 2385 velut
616 2339 677 2392 ales,
691 2337 722 2382 ab
732 2337 780 2382 slto

207 2416 265 2471 Quae
276 2424 379 2462 teneram
389 2415 480 2475 prolem
489 2413 592 2476 producit
603 2415 628 2458 in
639 2429 694 2464 aera
705 2411 772 2464 urdo,

206 2493 357 2552 Hortatusque
367 2492 439 2552 requi.

68 2614 132 2670 Hanc
152 2617 244 2671 Ovidii
261 2617 487 2689 comparationem
506 2616 584 2669 affert
603 2632 710 2688 quoque
731 2615 915 2674 Burmannus,
934 2612 969 2665 de
985 2632 1038 2685 quo
1052 2614 1119 2685 quid

68 2702 170 2772 cogitem
185 2701 292 2768 nescio,
306 2720 340 2753 uu
357 2700 498 2755 cucutierit
516 2699 544 2751 in
557 2698 694 2753 latrocinio
711 2710 764 2749 tam
779 2696 935 2761 manifesto,
950 2715 985 2749 sm
998 2696 1120 2749 conscius

68 2782 220 2845 connives-it,
239 2781 273 2835 de
291 2781 392 2835 silentio
406 2782 497 2852 utique
514 2800 568 2834 non
581 2779 756 2833 excusandus.
772 2778 856 2832 Pudet
865 2779 1015 2846 Valerium,
1028 2792 1119 2833 cretera

68 2880 180 2930 gravem,
191 2883 267 2916 reum
284 2865 368 2935 culpre
381 2863 594 2937 deprehendere,
606 2882 687 2935 quem
700 2862 781 2915 tironi
792 2863 931 2915 metricum
947 2882 1058 2942 penpum
1071 2863 1119 2916 de·

69 2948 213 3019 properanti
224 2947 266 2999 rix
277 2947 600 3019 ignoscas-Breunosque
609 2951 732 3015 insurgere
735 2949 831 3013 pennis.
842 2944 979 2998 Valerium
988 2962 1118 3016 agnosco:

69 3030 101 3081 sio
113 3050 179 3103 saepe
191 3032 333 3102 cogitatum
346 3031 453 3085 aliunde
471 3032 596 3101 petitum,
609 3030 717 3101 propria
734 3029 862 3101 elegantia
877 3039 1000 3081 ornatum
1015 3029 1049 3082 ad
1064 3030 1120 3082 exi·

70 3113 192 3167 mietatem
206 3113 336 3186 perducit.

101 3267 130 3315 V.
140 3264 198 3316 382.
211 3266 260 3314 Hic
270 3266 356 3315 iterum
367 3277 482 3313 eutrcmoe
493 3262 870 3329 nequidq11arniu1imt’ncportoe

210 3350 324 3398 Substitit.

73 3470 186 3517 Eunemoe
198 3484 253 3518 non
269 3476 307 3517 est
319 3481 402 3518 vacue
416 3482 493 3517 sensu
503 3482 554 3518 vox
565 3503 572 3528 ,
585 3476 614 3517 ut
627 3463 709 3535 possit
719 3460 819 3527 videri,
830 3459 877 3513 sed
889 3459 941 3511 hoc
953 3459 1011 3526 loco
1022 3460 1121 3530 aptissi-

73 3567 110 3600 ma
118 3590 125 3615 ,
134 3550 268 3621 pingitque
280 3548 402 3602 Medeam
410 3548 528 3601 nondum
539 3547 647 3620 quidem
656 3564 800 3619 egressam,
810 3543 855 3596 sed
866 3543 893 3595 in
906 3542 997 3595 limine
1008 3555 1123 3595 extremo

73 3632 228 3700 pendentem.
247 3639 364 3685 Extrerro
380 3636 458 3685 limini
469 3631 608 3699 respondet
614 3635 723 3700 primum
736 3632 828 3689 limem
839 3628 864 3689 1,
879 3644 943 3697 709,
953 3628 1084 3694 primoque
1096 3630 1122 3677 in

74 3719 147 3767 limine
158 3718 251 3771 Acesti.

105 3868 136 3919 V.
149 3868 197 3933 390
199 3905 414 3921 .............
421 3882 604 3934 monstrataque
615 3868 720 3916 condere
731 3868 814 3915 vultus

205 3956 327 4012 Numina,
339 3972 440 4019 cumque
449 3954 498 4003 suis
506 3954 584 4001 averti
591 3952 691 4001 collibus
701 3967 792 3999 amnes.

76 4068 196 4121 «Vossius
214 4069 252 4121 nil
274 4079 358 4121 mutat
384 4068 442 4133 (sic
457 4067 648 4138 Wagnerus)'‚
670 4076 696 4117 et
719 4076 854 4114 monstrata
873 4062 974 4111 numina
993 4058 1071 4111 sumit
1092 4057 1126 4110 de

76 4150 165 4213 stellis,
181 4168 252 4222 quar,
268 4169 349 4223 quum
369 4150 467 4221 fulgere
485 4149 526 4203 vix
541 4150 692 4219 coepissent,
709 4164 773 4197 mox
790 4157 849 4216 post
865 4143 950 4195 nubes
965 4140 1127 4192 recesserint.
