2859 4975
187 439 190 444 ·
302 383 368 480 aaa
448 366 1222 496 r1oaucroaasn1>raannnrl

343 548 491 612 Desiccat
506 549 575 611 laevi
589 548 735 612 rorantia
750 547 875 612 lumina
891 549 1005 637 peplo,

342 666 456 728 Donec
470 663 650 728 lolcbiacus
665 661 839 728 deflentem
856 664 987 728 sustulit
1002 664 1117 738 beros,

337 779 383 866 ‚Et
399 777 553 859 juvenem
576 777 751 842 comitatus
772 801 883 861 amor,
899 778 1038 843 suadere
1054 778 1191 843 salutem

338 892 522 982 Incipiunt,
549 891 736 980 blandoque
753 893 863 957 levant
878 915 1030 957 sermone
1044 907 1248 982 gementem·
1325 912 1358 948 2⁸0

384 1008 461 1072 Non
480 1009 566 1073 Jovis
587 1031 725 1072 uxorem
740 1009 907 1073 latuerunt
918 1008 996 1073 ista:
1012 1007 1070 1072 sed
1087 1005 1147 1072 lris

210 1099 213 1114 ⁸
341 1123 459 1186 Omnia
474 1121 632 1212 praedixit.
648 1127 736 1189 luno
752 1123 994 1188 Thaumantida
1009 1123 1117 1187 verbis

304 1209 307 1221 ¹
339 1235 470 1300 Talibus
486 1237 674 1325 alloquitur,
692 1259 755 1326 pro
772 1237 855 1302 caris
870 1237 965 1301 anxia
979 1236 1101 1302 Graiis:

340 1380 353 1405 ι
362 1350 485 1416 Labere
500 1353 646 1441 nympha
661 1352 760 1442 polo,
780 1352 966 1442 pernicibus
981 1353 1080 1416 incita
1094 1349 1230 1440 pennis,
1253 1353 1258 1358 ’

338 1468 380 1530 Et
394 1488 507 1531 canam
523 1489 699 1555 properare
712 1467 833 1532 Thetin
851 1466 915 1531 sub
928 1482 1039 1531 nostra
1056 1463 1189 1528 marinis
1327 1491 1336 1515 ι

337 1581 435 1644 Tecta
451 1579 531 1660 jube
549 1581 680 1645 latebris
695 1580 889 1648 redeuntem
898 1597 940 1675 ⁴et
951 1580 1080 1670 gurgite
1092 1577 1134 1642 ab
1148 1575 1228 1639 imo.

338 1695 412 1758 Sola
428 1695 508 1760 meis
524 1695 679 1783 prodesse
697 1712 807 1785 potest
820 1695 937 1761 Nereia
952 1694 1070 1759 nautis.

336 1811 460 1874 Rursus
483 1810 518 1872 in
541 1810 685 1898 equorei
700 1808 850 1874 deflectas
869 1810 966 1874 litora
980 1807 1098 1897 ponti:

337 1925 463 1988 Haereat
475 1925 664 2014 Ignipotens
682 1923 798 2006 l'acito,
814 1923 872 2011 qui
889 1922 1011 1987 incude
1027 1944 1147 1986 sonora

335 2038 485 2104 Nudatos
499 2041 671 2119 humeros,
689 2055 864 2126 exertaque
880 2037 1012 2102 brachia
1027 2037 1128 2120 tollit,
1142 2124 1145 2131 Ι
1329 2068 1360 2105 ιφ

339 2155 428 2218 Dum
447 2153 533 2219 cadit
550 2155 677 2218 alterno
696 2154 840 2219 vibratus
854 2153 990 2217 malleus
1005 2152 1093 2235 ictu3
1415 2130 1416 2151 Χ

337 2266 472 2331 Ventosi
489 2284 615 2331 cessent
632 2267 744 2348 folles,
761 2266 843 2330 dum
857 2266 1035 2331 nausvolat
1050 2269 1149 2355 Argo.

335 2382 492 2446 Praeterea
511 2381 741 2469 Hippotaden,
762 2381 869 2446 ventis
882 2382 942 2469 qui
958 2381 1031 2461 jura
1044 2382 1212 2471 superbis,

334 2498 375 2561 Et
390 2497 477 2587 leges
493 2498 638 2586 praebere
654 2497 752 2579 solet,
766 2498 852 2561 celer
865 2498 926 2562 Iris
940 2497 1047 2579 adito,

333 2613 394 2677 Cui
410 2628 529 2677 nostrae
545 2627 669 2701 retegas
685 2634 800 2675 arcana
813 2612 942 2677 silentia
960 2613 1103 2695 mentis,
1329 2627 1360 2676 ²⁹⁵

333 2728 448 2793 Flabra
463 2750 562 2791 mone
580 2743 726 2808 cessent,
741 2725 862 2814 quibus
875 2747 949 2789 aere
967 2747 1051 2814 saepe
1064 2725 1179 2813 quieto

334 2842 501 2907 llantibus
518 2842 654 2923 alterne,
676 2840 812 2905 tumidis
826 2842 908 2907 freta
921 2840 1051 2904 concita
1063 2853 1200 2928 surgant

334 2954 522 3036 Fluctibus,
541 2970 580 3018 ut
598 2954 703 3018 mollis
719 2954 820 3043 spiret
835 2953 914 3018 levis
933 2976 1014 3017 aura
1027 2952 1170 3035 Favoni,

334 3069 447 3132 Donec
464 3067 507 3132 ad
523 3069 699 3133 Alcinoum
715 3069 870 3150 veniant,
887 3067 1122 3157 Phaeacidaque
1140 3090 1233 3133 oram
1246 3100 1269 3132 υ.

381 3184 558 3271 Postquam
575 3182 671 3247 effata
688 3182 748 3247 dea
761 3200 824 3267 est,
839 3207 971 3255 mammo
979 3184 1066 3248 volat
1078 3184 1140 3249 Iris
1150 3183 1315 3272 Olympo,
1329 3200 1363 3237 ³⁰⁰

333 3299 520 3365 Praeradens
539 3317 690 3365 tenerum
708 3299 876 3363 velocibus
892 3321 966 3363 aera
978 3298 1109 3387 peonis.

204 3490 207 3507 ἰ
334 3416 442 3497 Quam
456 3416 531 3479 laeto
550 3414 733 3479 adstantem
752 3414 878 3504 gremio
898 3435 999 3502 vagus
1015 3412 1136 3501 excipit
1150 3410 1261 3501 AEgou

332 3527 510 3592 Nereidum
533 3529 568 3591 in
588 3528 754 3609 thalamis,
774 3527 834 3592 ubi
847 3528 969 3593 blando
983 3527 1145 3615 compulit
1160 3527 1221 3591 Iris

332 3642 385 3708 Ad
397 3643 564 3708 dominam
577 3666 729 3707 sermone
743 3642 863 3707 Thetin
877 3664 1052 3731 properare
1066 3640 1254 3706 verendam.

331 3755 516 3842 Vulcanum
533 3780 610 3821 mox
625 3774 710 3821 stare
726 3757 837 3839 jubet,
854 3758 1079 3845 Vulcaniaque
1095 3778 1195 3822 arma.
1329 3774 1364 3813 ³0⁵

332 3866 472 3933 AEoliam
487 3869 563 3933 dein
577 3893 688 3955 versa,
703 3894 838 3960 specum
850 3873 1049 3959 penetravit,
1063 3888 1096 3937 et
1111 3895 1206 3937 auras

331 3985 548 4072 Compressit‚
568 4008 609 4049 ne
623 3986 757 4051 adversa
769 4004 873 4051 ratem
887 3988 935 4053 vis
950 3988 1077 4053 auferat
1088 3989 1180 4052 Euri.

332 4098 458 4163 luteres
476 4099 621 4164 Nessum
635 4102 767 4183 Thetis,
787 4124 1022 4191 aequoreasque
1040 4120 1168 4167 sorores
