2859 4975
277 392 317 455 80
399 391 450 455 IN
477 390 787 455 Ltusuxrum
817 390 1213 458 ARGONAUTICON
1274 344 1278 349 v

272 516 359 575 potem
371 522 454 565 ‚cum
469 505 538 555 irato
556 503 728 573 competitore
745 503 878 565 invimus,
897 504 996 556 nedum
1011 508 1110 565 lanam,
1124 504 1251 576 congredi
1269 507 1340 559 veri.

274 590 358 641 simile
383 599 439 650 est;
460 587 577 640 Anausin
596 598 686 639 contra
716 586 825 657 repulsae
848 588 1042 658 impatientem,
1058 587 1182 641 vindicte
1202 590 1342 643 occasione
1425 647 1426 662 i

273 674 362 726 laetari.

307 800 341 851 V.
356 803 413 869 274.
426 800 467 847 Ad
485 814 580 845 soceros
593 808 724 863 paetaeque
743 798 810 845 sinus
830 815 860 846 en
879 800 990 865 conjugis
1003 835 1011 861 ,
1024 800 1122 875 inquit,

422 881 495 938 Stire,
503 879 585 946 sugis.
844 887 847 894 “

272 1002 316 1050 Ad
325 1016 434 1048 soceros.
446 996 479 1047 Et
492 1012 613 1047 socerum
625 1006 652 1047 et
665 1012 771 1047 socrum
785 994 910 1066 intellige.
924 996 967 1049 Sic
977 994 1121 1067 Virgilius,
1135 1001 1194 1051 AEn.
1204 999 1248 1063 ll,
1265 998 1317 1062 4⁵5
1331 1016 1339 1050 ε
1426 983 1427 1000 l

414 1146 528 1160 ........
539 1112 621 1159 infelix
633 1129 680 1173 qua
692 1128 728 1166 se,
740 1112 796 1158 dnm
807 1128 879 1173 regna
891 1114 1030 1167 manebant,

408 1189 494 1249 Saepius
504 1188 667 1233 Andromacho
680 1186 742 1233 terre
754 1187 890 1233 incomitata
899 1188 991 1234 solebat

410 1262 451 1309 Ad
460 1268 562 1314 so‘ccros,
574 1272 651 1308 atavo
663 1276 764 1323 puerum
774 1263 915 1321 Astyanacta
927 1263 1042 1310 trahebat.

306 1398 339 1449 V.
355 1413 413 1466 ²77.
425 1397 540 1453 Dixerat,
561 1407 684 1447 extremus
701 1410 776 1457 quum
793 1394 886 1443 lomina
906 1394 1005 1460 corripit
1022 1412 1098 1474 error.
1117 1393 1206 1445 —Sic
1222 1394 1340 1457 Statius,

271 1483 355 1535 Theb.
370 1480 440 1543 XII,
456 1495 524 1547 777:
542 1502 555 1521 α
565 1476 614 1528 Ille
627 1475 711 1527 oculis
726 1490 834 1532 extremo
849 1495 931 1527 errore
948 1476 1040 1529 solutis
1057 1477 1169 1531 Labitur
1180 1502 1202 1531 a.
1222 1477 1339 1535 lasilv.

270 1569 305 1631 V,
322 1584 351 1631 r,
365 1580 428 1635 170:
439 1588 452 1607 a
460 1560 573 1631 Jamque
586 1558 685 1613 cadunt
694 1558 801 1621 vultus,
815 1558 952 1629 oculisque
963 1561 1104 1644 nosusimus
1113 1578 1181 1611 error
1190 1585 1212 1612 a.

304 1692 339 1747 V.
354 1694 412 1763 278.
425 1696 531 1757 Voxque
541 1708 651 1757 repressa
660 1693 729 1756 gelu,
738 1692 840 1740 —Gelu
849 1707 898 1760 pro
901 1690 1011 1757 frigore.
1021 1690 1096 1761 Virg.
1108 1693 1171 1743 AEu.
1183 1690 1254 1753 XII,
1266 1698 1319 1759 951
1331 1712 1338 1745 t
1428 1759 1429 1770 ἵ

271 1786 319 1833 Asc
326 1782 363 1831 illi
373 1782 496 1829 solvunmr
500 1775 600 1843 frigore
610 1774 725 1824 membra.

304 1918 339 1968 V.
350 1920 400 1983 ²9⁴
404 1945 706 1965 ··················
712 1911 847 1977 magnique
861 1911 976 1959 incudm

410 1997 520 2047 Phasidis
530 1996 626 2044 Arctois
639 1994 742 2059 Aquites
755 1995 854 2044 ermbat
867 1994 893 2041 ia
907 1994 992 2042 anuis.

271 2112 365 2164 Arctois
379 2108 403 2157 iu
419 2107 507 2161 annis,
519 2104 537 2155 i.
551 2120 575 2155 e.
589 2104 614 2153 iu
630 2105 684 2154 acie
696 2104 815 2167 Scytltico.

304 2235 337 2286 V.
351 2234 411 2293 304.
421 2234 467 2283 Ille
478 2248 578 2279 monum
591 2230 715 2295 trepidans
723 2240 801 2293 atquo
808 2229 876 2277 irrita
889 2247 963 2279 sacra
973 2226 1231 2281 tetendit—Videtur
1240 2244 1339 2285 auctor

265 2320 300 2371 ob
312 2316 404 2371 oculos
415 2311 539 2365 babuisse
548 2309 622 2363 huno
634 2309 741 2381 Virgilii
752 2309 856 2375 locum,
867 2314 924 2362 AEn.
939 2310 982 2373 11,
998 2327 1064 2378 129:

413 2470 559 2485 ..........
575 2451 618 2482 nec
629 2444 652 2481 te
664 2444 702 2480 tua
714 2434 830 2496 plurima,
847 2436 965 2487 Pantheo,

407 2515 534 2561 Labentem
546 2512 620 2575 pistas
632 2525 676 2557 neo
687 2510 802 2572 Apollinis
815 2510 890 2556 ininla
900 2511 965 2556 texit.

303 2652 337 2701 V.
348 2650 407 2704 308.
420 2647 521 2700 Genitor
530 2646 594 2712 turpi
602 2648 692 2696 durare
700 2657 809 2696 senecta.
821 2673 855 2682 -
865 2643 974 2707 Confer,
989 2643 1026 2704 V,
1037 2648 1086 2704 ai:
1100 2648 1177 2694 Daret
1184 2657 1212 2694 ut
1219 2647 1338 2696 invalidis

268 2750 294 2785 ct
302 2736 383 2785 adbuc
392 2731 509 2799 genitoris
521 2731 614 2796 egenis.

303 2871 338 2920 V.
355 2866 415 2921 313.
427 2864 608 2930 Proedafuture
620 2883 719 2916 cauum.
730 2866 818 2915 lucerii
825 2881 877 2913 sors
884 2866 1010 2929 pulchrior
1018 2866 1098 2922 omui,-

422 2954 451 2998 Et
460 2961 554 2998 certare
563 2966 637 2997 manu
649 2950 729 3005 decet,
740 2961 765 2996 et
774 2948 884 2996 caruisse
892 2948 1010 3012 sepulcro.

266 3073 356 3145 Caspii
375 3069 565 3124 defunctorum
585 3054 715 3122 cadaiera
730 3070 758 3121 in
779 3067 888 3125 desertis
906 3068 970 3122 locis
988 3068 1162 3140 projiciebant
1177 3067 1336 3132 intumum

264 3178 320 3230 quo
331 3156 416 3216 facto,
432 3170 551 3206 seorsum
562 3150 685 3222 digressi,
698 3152 900 3222 speculabantur
910 3164 1043 3206 eventum.
1055 3153 1084 3206 Si
1095 3152 1235 3208 volucrum
1246 3154 1336 3223 praeda

266 3246 339 3296 fieret
353 3255 464 3308 corpus,
478 3237 545 3286 bene
557 3247 629 3288 erat:
645 3235 783 3290 aeonibus
797 3247 843 3290 aut
851 3236 913 3288 feris
922 3234 1043 3288 devorari
1054 3237 1205 3290 luctuosam
1217 3235 1337 3290 habeba-

265 3341 316 3380 tnr.
330 3325 386 3376 Hac
397 3320 521 3392 opinione
536 3320 652 3371 imbutus
666 3318 818 3380 Gesander,
836 3339 890 3370 non
905 3339 989 3373 carere
1007 3304 1130 3387 sepulcro,
1140 3317 1186 3371 sed
1199 3339 1217 3370 a
1231 3324 1335 3372 canibus

266 3412 353 3462 vorari
365 3405 488 3458 acerbum
502 3403 597 3464 habet,
611 3421 659 3454 nec
672 3403 817 3474 pugnantia
834 3402 967 3474 loquitur,
982 3401 1046 3456 hino
1059 3405 1162 3458 hostem
1175 3403 1335 3467 irridendo,

265 3509 390 3565 tanquam
400 3493 488 3558 prado
508 3507 596 3539 cannm
607 3489 707 3554 strumas
723 3491 769 3545 sit,
789 3486 862 3538 illinc
881 3481 1031 3558 profitendo
1044 3492 1158 3540 decorum
1176 3508 1228 3539 esse
1248 3509 1337 3540 carere

267 3575 523 3646 sepulcro—Juvcni
542 3591 594 3622 sors
608 3572 735 3638 pulchrior
745 3573 821 3622 orani.
841 3570 901 3623 Non
921 3572 983 3627 satis
1003 3571 1052 3624 sibi
1071 3571 1172 3626 faciunt
1195 3572 1247 3626 laoc
1272 3572 1336 3626 loco

143 3677 147 3684 ·
194 3680 197 3688 ¹
267 3665 434 3715 Burmannus
447 3675 478 3707 ac
491 3657 654 3724 Wagnerus.
672 3654 729 3722 Ego
750 3653 858 3724 quidem
878 3655 914 3708 sic
932 3655 1063 3726 intelligo:
1083 3660 1152 3707 decet
1171 3658 1238 3707 cinni
1247 3659 1337 3724 juveni

265 3761 358 3797 certare
372 3760 460 3798 inuria,
472 3751 523 3790 etc.
536 3735 745 3807 interpunctione
758 3737 794 3789 sic
808 3750 925 3790 mutata:

424 3878 585 3891 ...........
599 3845 695 3898 iuveni,
711 3861 764 3907 sors¹
771 3847 905 3908 pulchrior!
918 3847 982 3892 omui

421 3921 448 3964 Et
459 3929 547 3964 certare
558 3935 627 3964 manu
639 3919 719 3973 decet,
730 3931 753 3966 et
761 3921 862 3966 caruisse
871 3920 988 3982 sepulcro.

301 4053 335 4101 V.
348 4048 407 4101 323.
420 4046 519 4098 Confer
534 4045 595 4100 huic
609 4047 724 4110 orationi
738 4047 816 4100 verba
834 4048 949 4102 Numani
966 4045 1000 4100 ad
1013 4047 1142 4117 Troianos
1152 4046 1223 4116 apud
1234 4045 1331 4116 virgil}

267 4139 327 4186 AEn.
337 4131 377 4183 IX
389 4167 396 4192 ,
410 4130 461 4196 598
472 4147 530 4199 sqq.
