2859 4975
439 415 856 482 sauonauraauu.
1124 417 1185 504 ³73

113 540 256 628 petierit,
273 561 379 626 neque
393 537 489 600 etiam
507 559 546 601 ex
560 538 612 600 illa
630 537 809 626 quidquam
822 539 948 602 desumi
961 538 1188 627 potest„unde

115 645 279 732 Euphemi
295 643 453 708 efficiatur
469 644 590 732 imago,
608 667 711 731 quum
730 646 781 708 vel
796 647 951 733 Neptuno
968 644 1045 732 ipsi,
1056 646 1107 709 vel
1122 645 1188 708 eui·

115 773 258 837 cumque
286 749 431 836 Neptuni
461 747 547 830 filio,
574 747 689 812 eodem
714 749 787 829 jure
813 749 1187 837 accommodari'possit.

114 857 311 944 Euphemum
328 877 405 918 vero
424 855 467 917 ita
486 853 657 942 effingere,
680 856 773 918 utin
797 857 917 944 piscem
942 855 1083 937 desinat,
1106 855 1187 918 mihi

115 962 308 1026 indecorum
321 960 460 1042 videtur,
479 976 511 1023 et
525 961 713 1042 Tritonem,
732 962 911 1043 Glaucum,
927 979 985 1025 aut
1003 961 1102 1024 alium
1120 984 1188 1024 ma·
1215 1035 1219 1045 ,

115 1069 226 1132 rinum
244 1067 342 1132 deum
357 1068 417 1130 hae
430 1069 535 1131 forma
549 1069 729 1155 exprimere
743 1069 844 1156 magis
858 1069 969 1131 solitos
983 1067 1193 1131 crediderim·

115 1173 317 1261 Euphemum
338 1171 497 1260 Eurybati
523 1172 657 1250 alicujus
687 1181 812 1259 patrem
840 1173 939 1236 modo
965 1173 999 1234 in
1024 1173 1189 1258 Eurybato
1287 1213 1292 1224 ·

115 1277 275 1358 vidimus,
290 1277 385 1340 nohis
401 1299 469 1338 non
488 1275 618 1340 aliunde
637 1293 764 1340 notum.
1133 1273 1137 1278 ’

156 1511 401 1591 EURYALUS,
421 1511 563 1573 lllecistei
582 1509 675 1572 iilius.
695 1491 793 1573 Hunc
809 1509 897 1572 solus
915 1509 1000 1569 inter
1019 1510 1188 1596 Argonau-

116 1634 166 1682 tas
183 1634 333 1680 numerat
351 1614 588 1704 Apollodorus,
606 1616 729 1678 caeteris
746 1615 916 1678 indictum.
931 1614 1097 1677 Meeisteus
1112 1638 1190 1678 vero

116 1723 180 1786 fuit
196 1722 282 1786 filius
299 1721 396 1785 Talai
412 1737 445 1784 et
463 1721 682 1806 Lysimachus,
702 1721 836 1783 Abantis
850 1718 935 1782 filiae.
956 1721 1076 1784 Talaus
1095 1723 1192 1784 Bian-

117 1831 173 1907 tis,
194 1843 226 1891 et
241 1827 294 1890 ille
311 1826 518 1912 Amythaonis
524 1875 533 1906 ,
559 1826 616 1912 qui
641 1824 783 1904 cremet,
803 1825 846 1887 ita
869 1839 907 1886 ut
927 1825 1026 1887 suerit
1049 1850 1088 1888 ex
1112 1829 1191 1889 Cre·

116 1931 253 2014 theidis,
271 1931 359 1996 unde
378 1950 410 1995 et
427 1933 524 1995 lason
540 1956 548 2011 ;
572 1929 629 1993 sed
648 1930 699 1993 ille
723 1930 757 1992 in
780 1946 928 2017 tempora
952 1931 1191 2017 aliquantulum

118 2037 238 2100 seriora
266 2034 400 2115 incidi13
419 2057 503 2104 ⁴nam
531 2051 563 2097 et
587 2032 741 2096 adversus
764 2034 895 2114 'frojam
922 2036 1087 2124 navigasse
1114 2036 1193 2100 dicit

118 2141 357 2229 Apollodorus,
382 2140 438 2203 lib.
461 2143 492 2216 Ι,
518 2163 586 2228 cap.
604 2161 644 2224 9,
672 2139 764 2219 §13,
788 2156 820 2202 et
838 2139 1031 2220 Pausanias,
1055 2142 1105 2223 ΙΙ,
1127 2144 1191 2225 30,

118 2271 195 2312 curn
215 2246 373 2320 Diomede
392 2246 484 2309 illum
503 2245 638 2334 Argivos
659 2244 700 2306 ad
715 2245 845 2324 Trojam
862 2244 992 2332 duruisse
1008 2248 1052 2310 ait
1073 2271 1112 2310 ex
1128 2250 1194 2312 Ho-

118 2353 200 2417 meri
217 2351 307 2416 iliad.
326 2351 373 2432 ΙΙ,
391 2375 437 2414 vs.
450 2351 530 2431 564,
543 2351 688 2438 quamvis
707 2352 760 2413 ille
776 2367 885 2438 posset
899 2353 990 2433 ulter,
1007 2354 1139 2427 etforte
1152 2377 1192 2418 ex

119 2460 189 2541 ejus
216 2459 369 2546 posteris,
395 2457 514 2523 fuisse:
546 2481 619 2521 nam
650 2475 685 2521 et
712 2457 827 2522 fratres
853 2457 998 2537 ejusdem
1025 2460 1190 2542 Mecistei,

119 2566 276 2631 Adrastus
300 2581 334 2628 et
358 2565 630 2652 Parthenopaeus,
659 2566 805 2655 qnifuit
829 2568 914 2627 inter
938 2582 1060 2653 septem
1092 2566 1190 2631 duces

118 2687 233 2735 contra
257 2670 384 2735 Thebas
411 2672 629 2758 (quamquam
657 2671 929 2759 Parthenopaeum
954 2670 1191 2759 Apollodorus,

119 2776 175 2839 lib.
190 2778 236 2857 ΙΙ,
255 2799 324 2863 cap.
340 2777 375 2857 6,
392 2775 450 2858 53,
466 2777 560 2840 faciat
577 2776 773 2841 Melanionis
789 2776 890 2839 lilium
902 2800 910 2856 3
924 2775 981 2839 sed
997 2777 1131 2841 Pausan.
1142 2782 1191 2860 Il,

120 2906 181 2975 ².⁰’
200 2897 231 2945 et
246 2884 308 2959 ΙΧ,
325 2881 379 2963 18,
392 2882 508 2969 Talai),
523 2899 555 2945 et
569 2904 662 2945 soror
677 2882 850 2969 Eriphyle,
863 2899 966 2971 nupta
983 2884 1192 2971 Amphiarao,

120 2991 177 3077 qui
197 2987 299 3051 eidem
323 2988 408 3051 bello
428 2988 586 3051 interfuit.
610 2989 719 3069 Quare
735 2988 762 3051 si
781 3006 891 3053 noster
908 2990 971 3052 fuit
987 2988 1071 3053 filius
1091 2992 1194 3055 Meci·

119 3095 197 3176 stei,
211 3094 307 3157 simul
320 3116 421 3180 nepos
439 3115 515 3157 cum
527 3115 587 3155 avo
597 3093 696 3155 Talao
707 3109 740 3155 et
755 3092 886 3156 duobus
901 3096 1072 3158 avunculis
1088 3096 1189 3175 majo-

119 3202 227 3280 ribus,
247 3200 341 3263 Areio
359 3216 391 3264 et
409 3197 580 3281 Leodoco,
605 3199 806 3262 interfuisset
826 3198 903 3263 huic
924 3200 1140 3287 expeditioni;
1161 3221 1195 3266 et

119 3321 196 3395 post
210 3304 347 3384 Trojana
366 3318 511 3392 tempora
529 3303 644 3366 vixisse
660 3303 751 3367 hune
767 3301 876 3365 adhuc
892 3303 1086 3388 Euryalum,
1104 3324 1193 3394 patet

121 3434 159 3475 ex
182 3411 319 3473 Pausan.
336 3410 386 3489 ΙΙ,
408 3408 463 3489 18,
486 3410 512 3472 si
537 3409 724 3472 conseratur
747 3430 822 3470 cunt
845 3430 915 3495 cap.
944 3408 1009 3472 30:
1038 3434 1112 3474 nam
1139 3414 1192 3478 ille

121 3532 215 3581 tutor
228 3515 386 3603 Cyanippi
400 3515 478 3594 fuit,
492 3515 547 3602 qui
561 3538 578 3577 a
592 3516 714 3595 Biante,
728 3514 942 3601 Amythaonis
955 3514 1033 3595 filio,
1048 3520 1194 3606 quinque

122 3637 231 3685 aetates
247 3620 396 3684 distabat.
412 3620 518 3683 Alium
530 3620 710 3705 Euryalum
723 3620 869 3707 Neptuni
885 3635 919 3681 et
936 3620 1074 3707 Evippes
1091 3622 1192 3690 filium

122 3742 284 3789 memorat
300 3724 507 3805 Parthenius,
521 3724 640 3787 Erotio.
662 3723 700 3805 3,
725 3722 782 3787 sed
804 3739 836 3786 et
854 3724 907 3787 ille
923 3740 1069 3811 ternpore
1085 3746 1195 3813 poste-

122 3833 200 3894 rior.
221 3828 440 3917 Apollodorns
458 3829 554 3892 etiam
570 3826 654 3892 libro
671 3830 736 3911 ΙΙΙ,
752 3852 822 3915 cap.
841 3852 874 3915 7,
893 3840 908 3904 §
922 3852 958 3910 2,
973 3830 1059 3893 inter
1072 3833 1194 3921 Epigo-

124 3960 185 4000 nos
202 3952 348 4001 recenset
366 3934 577 4023 Eurypylum,
596 3934 748 3998 Mecestei
763 3935 886 4016 filium,
905 3935 961 3998 uhi
976 3953 1062 4000 certe
1074 3940 1197 4023 Eurya-

125 4044 192 4107 lum
210 4044 315 4131 legere
332 4058 478 4129 proestat,
493 4058 530 4104 ut
547 4040 632 4103 idem
650 4042 736 4103 inter
747 4042 914 4129 Epigonos
930 4059 961 4105 et
973 4043 1103 4122 Troiani
1122 4046 1196 4130 belli

126 4148 227 4213 duces
249 4164 446 4211 memoratus
466 4146 584 4226 fuerit3
607 4144 719 4209 itidem
741 4161 778 4209 ut
798 4145 992 4223 Diomedes,
1016 4150 1068 4211 cui
1091 4150 1199 4239 jungit
