2859 4975
273 382 372 482 78
456 394 507 459 IN
537 395 623 459 LIB.
647 394 847 460 SEXTUM
876 398 1273 466 ARGONAU'HCON

323 504 434 581 'quidun
449 506 579 579 explicant
589 508 755 577 frangunum
775 513 957 562 dissolvuntur:
950 530 1112 583 perperam
1131 513 1304 568 Burmannus
1323 530 1399 587 putat
1424 525 1425 530 ’

328 593 438 647 verbum
457 593 557 657 liquitur
572 590 624 643 hoc
643 590 737 644 ultimo
758 610 835 644 sensu
853 594 1006 647 Lucretium
1021 614 1090 666 saepe
1108 595 1269 650 adhibuisse
1290 604 1400 667 liquitur

328 673 399 747 apud
410 673 560 725 Lucretium
571 672 611 725 bis
621 684 723 725 tautum
732 675 865 737 ocem-rit,
878 677 924 742 11,
939 676 1004 730 1131
1017 696 1025 731 :
1041 682 1066 730 r'n
1072 694 1168 747 partem
1174 684 1285 749 pejorem
1299 685 1400 750 qurn'arr

327 773 408 819 aean
423 758 472 823 IV,
488 758 573 827 1237:
586 759 698 824 Liquitur
715 763 852 826 externplo,
869 774 893 811 ee
905 775 1040 812 revocatum
1057 765 1122 814 cedit
1138 766 1170 813 ab
1188 778 1252 817 arus,
1264 766 1399 819 Neutruhi

329 840 547 915 significationem
559 841 705 893 Burmanni
719 842 834 913 reperio.

363 992 399 1045 V.
416 992 466 1046 250
471 1026 796 1043 ...................
810 1011 856 1043 nea
859 993 996 1059 fragmina
1004 1007 1076 1044 curat

478 1078 615 1135 Ambenus,
628 1088 652 1124 et
661 1088 745 1124 mineo
759 1077 863 1125 medisan
873 1076 937 1125 subit
945 1080 1020 1126 Otrea
1030 1078 1108 1143 ligna.

326 1214 393 1263 Subit
400 1210 555 1279 Wagnerus
571 1204 758 1277 interpretatur
771 1209 872 1259 invadit.
886 1207 913 1260 Si
932 1208 998 1260 nihii
1011 1207 1083 1260 aliud
1101 1227 1182 1279 quarn
1196 1213 1331 1271 invadere,
1347 1232 1397 1279 ag-

325 1298 406 1365 gredi,
421 1294 472 1345 hoc
481 1290 650 1363 significaret,
660 1303 763 1353 auctor,
773 1309 855 1363 quum
869 1291 908 1343 nii
919 1292 1033 1363 amplius
1046 1292 1081 1344 de
1093 1291 1140 1343 illo
1153 1311 1297 1364 congressu
1308 1294 1396 1358 dicat,

327 1375 530 1433 desiderandum
547 1374 648 1445 aliquid
663 1374 831 1447 relinqueret.
846 1377 923 1434 Subit,
940 1392 998 1427 mea
1011 1374 1119 1445 quidem
1133 1377 1277 1441 sententia,
1287 1389 1327 1431 est
1343 1397 1396 1449 pro

326 1465 441 1533 configie‚·
464 1477 542 1531 quem
566 1476 671 1510 sensum
695 1458 834 1511 confirmat
856 1477 907 1511 vox
929 1462 1049 1521 median,
1066 1478 1126 1511 eam
1151 1461 1268 1530 corporis
1290 1475 1395 1532 partem

327 1544 543 1614 designans‚que
555 1540 659 1611 plagam
670 1540 778 1612 accipit.
792 1540 945 1593 Genuinam
956 1542 1026 1594 hanc
1039 1560 1095 1595 csse
1105 1543 1184 1615 hujus
1199 1541 1251 1596 ioci
1264 1545 1395 1617 interpre-

327 1627 455 1679 tationem
476 1642 536 1677 reor
558 1622 678 1695 quidem,
697 1640 831 1695 nusquam
852 1635 938 1678 tamen
962 1624 1027 1678 alias
1047 1630 1154 1694 aliquem
1177 1632 1225 1679 telo
1242 1632 1324 1680 subr're
1339 1629 1395 1682 hoe
1426 1631 1427 1696 l

326 1728 403 1763 sensu
417 1727 512 1780 repen.

361 1854 394 1904 V.
406 1851 467 1903 252.
477 1851 623 1901 Seminecern
637 1855 720 1901 Taxes
734 1853 849 1917 Hypanin
863 1854 945 1911 veluit,
957 1866 1032 1919 atque
1050 1857 1174 1905 remissurn

474 1941 540 1987 Pone
551 1938 627 1987 tralrit
630 1935 750 2003 fugiens,
762 1948 787 1986 et
797 1937 904 1985 cursibus
914 1938 984 1986 exuit
996 1940 1100 1989 aaran.

324 2089 337 2108 a
349 2062 431 2119 Velrr‘c,
448 2057 572 2129 proripit,
585 2060 725 2118 remissum,
739 2056 921 2123 debilitatum,
932 2058 1033 2110 viribus
1046 2056 1181 2111 defectum
1192 2082 1214 2110 ι.
1233 2058 1278 2112 Sic
1285 2059 1393 2129 Wagn.
1427 2091 1428 2132 ;

324 2147 359 2197 V.
368 2160 446 2215 supra
458 2160 484 2191 n.
498 2139 556 2205 243.
571 2144 643 2191 Velit
652 2140 679 2191 h.
689 2141 706 2192 l.
718 2141 826 2211 proprie
836 2139 947 2203 dicitur,
959 2142 998 2193 uti
1009 2159 1106 2213 supra,
1117 2162 1143 2195 r.
1151 2160 1196 2211 72,
1206 2143 1295 2213 imago
1307 2161 1394 2195 cervas

323 2228 385 2281 celsi
398 2229 495 2277 uelriau
509 2223 652 2294 gestamine
665 2223 748 2275 conti.
769 2228 902 2275 Itemr'ssum
925 2224 1073 2295 signifieat:
1095 2229 1223 2285 deorsum,
1247 2236 1279 2276 ut
1298 2224 1393 2289 cadat,

325 2329 439 2370 versum·
454 2307 593 2377 omnisque
607 2324 697 2359 sensus
714 2306 759 2359 hic
778 2319 833 2359 est:
845 2308 930 2360 Taxes
946 2308 1073 2380 Hypanin
1092 2309 1145 2360 ima
1160 2308 1252 2361 lancea
1266 2322 1393 2373 vectum,

324 2396 469 2452 sublatum,
493 2388 606 2443 demittit
625 2389 772 2461 curritque,
791 2400 822 2441 ut
839 2391 941 2443 hastam
958 2411 973 2443 e
988 2410 1099 2463 corpore
1117 2391 1243 2444 extrahat.
1263 2391 1336 2446 Facit
1358 2392 1394 2445 ad
1425 2383 1428 2397 ⁴

323 2479 393 2532 hanc
415 2472 659 2546 interpretationem
678 2491 790 2545 sequens
799 2473 882 2527 Tullii
898 2474 991 2540 lorus,
1005 2474 1039 2529 de
1054 2474 1144 2528 Dirin.
1164 2477 1196 2540 Ι,
1217 2477 1288 2530 123:
1307 2495 1393 2528 roman
1428 2485 1429 2521 ἒ

324 2567 457 2620 adductus,
479 2577 552 2626 qruun
574 2557 697 2610 remissus
718 2571 795 2618 esset,
818 2561 844 2609 in
868 2564 963 2611 mulum
981 2562 1074 2611 incidit.
1090 2590 1127 2600 -
1147 2565 1181 2610 Et
1198 2563 1306 2612 cursibus
1324 2565 1395 2612 exuit

323 2651 429 2699 lsastam.
442 2642 485 2695 Sic
498 2640 613 2704 Statius,
622 2639 707 2692 Theb.
720 2641 775 2700 lx.
789 2642 840 2712 287
851 2659 859 2693 τ
872 2647 1039 2710 Magnaquee
1049 2646 1154 2694 ‘uulnere
1166 2647 1240 2693 retum
1249 2647 1329 2695 Esau
1339 2647 1393 2712 epse

323 2749 433 2799 gemelli.

359 2871 391 2916 V.
403 2864 462 2926 254.
472 2867 585 2928 Dumque
601 2865 753 2913 recollectam
766 2881 848 2913 rursus
867 2866 941 2913 locat.
956 2891 993 2901 -
1007 2867 1177 2915 Recollectam.
1196 2864 1276 2916 Couf.
1289 2881 1391 2934 supra,

288 2940 295 2944 ⁸
324 2971 349 3004 v.
368 2951 435 3018 237:
454 2951 540 2999 docilis
559 2950 637 3014 relegi
651 2938 785 3014 riarilisque
800 2948 911 3014 relinqui,
929 2951 1019 2998 Rursus
1037 2951 1118 3008 locat,
1135 2947 1239 3020 reponit
1261 2947 1322 3000 1οω
1340 2965 1392 3000 suu

325 3034 360 3087 ad
373 3049 474 3104 genua,
487 3041 518 3082 ut
531 3047 610 3100 supra
623 3028 755 3093 vidimus,
767 3049 793 3082 v.
812 3031 862 3083 236
872 3047 879 3080 :
890 3032 963 3081 Abies
977 3031 1070 3081 obneaa
1082 3049 1158 3098 genu.

359 3191 393 3240 V.
405 3187 463 3240 256.
473 3189 571 3252 Impulit
580 3188 682 3237 adverso
691 3206 802 3254 praereps
819 3206 896 3252 equus
911 3188 1012 3236 Onchea
1023 3201 1104 3247 canta,

472 3272 645 3337 Nequidquam
657 3271 711 3320 calis
721 3282 872 3320 revocantem
883 3269 974 3318 viribus
988 3286 1080 3320 annas.

472 3360 503 3405 In
526 3357 590 3405 latres
604 3355 702 3404 aceedit
714 3353 827 3420 sonipes,
844 3354 940 3402 accedit
950 3365 974 3401 et
993 3351 1044 3417 ipse

471 3440 584 3504 Frigidus
592 3457 602 3494 ‚·
615 3455 686 3485 arma
705 3438 813 3494 cadum,
828 3448 894 3484 rarat
910 3437 1000 3501 procul
1010 3435 1095 3483 ula‘ma
1115 3434 1205 3500 cuspis.
1220 3498 1224 3506 .

442 3511 451 3520 ’
474 3525 577 3588 Qualem
593 3523 705 3587 populeae
715 3521 837 3587 fidentem
857 3519 960 3569 neas'bus
980 3519 1071 3568 umbra

472 3605 498 3653 Si
516 3604 570 3669 quis
589 3621 657 3652 avem
678 3603 766 3651 summi
782 3604 888 3652 deducat
905 3603 937 3650 ab
959 3620 1017 3651 aere
1035 3603 1100 3650 ranei
1109 3639 1117 3664 ,

472 3692 538 3738 Ante
555 3703 631 3736 manu
652 3687 729 3734 tacita
747 3687 788 3734 cui
800 3687 907 3752 plurima
924 3687 997 3736 creuit
1015 3686 1130 3743 arundo5

469 3773 519 3820 Illa
540 3770 602 3819 dalis
620 3769 739 3834 viscoque
756 3787 829 3835 super
847 3781 959 3835 correpta
976 3768 1080 3835 sequaci

470 3856 588 3924 Implarat
600 3869 702 3913 ruinas,
719 3864 794 3917 utque
815 3852 885 3902 irrisa
903 3854 1013 3901 concitat
1029 3852 1095 3900 alas.

321 4010 331 4029 ι
343 3990 464 4048 Praeeps,
486 3978 522 4030 ait
543 3977 729 4040 Burmannus,
746 3977 765 4028 i.
782 3995 805 4028 e.
824 3979 850 4028 r‘n
868 3991 944 4046 eaput
959 3997 1048 4036 ruens,
1068 3985 1099 4028 ut
1111 3987 1182 4029 recte
1200 3975 1298 4030 Pium.
1317 3982 1390 4027 Pra-

319 4085 392 4133 eeps,
409 4088 422 4106 «ι
431 4061 459 4114 iu
474 4078 559 4132 genua
571 4058 748 4131 procidens»,
766 4059 880 4131 explicat
888 4060 1050 4132 Wagnerus.
1061 4059 1148 4125 Quem
1161 4077 1269 4112 sensum
1285 4059 1309 4112 si
1325 4061 1389 4131 quis

316 4145 462 4208 admiserit,
473 4162 525 4196 nou
535 4143 630 4214 poterit
645 4161 675 4195 ea
687 4161 746 4214 quae
759 4154 906 4214 sequuntur
915 4142 1068 4214 intelligere.
1076 4148 1202 4212 Praeeps,
1217 4143 1287 4209 hoe,
1299 4154 1385 4214 puto,
