2859 4975
282 440 345 504 228
436 434 520 520 Plo
550 437 1211 518 AUCTORE,SUPPLEMENTA

323 571 541 656 Fortunaeque
560 568 680 632 instare
698 583 806 656 parat,
823 569 1004 659 dirumque
1019 571 1132 636 favori.

324 686 364 746 At
383 683 497 746 Colchi
511 682 658 771 quamvis
674 683 773 746 armis
791 698 824 746 et
840 684 942 748 milite
957 700 1110 772 praestent

322 799 522 878 innumero,
546 811 702 860 armatam
721 796 844 883 pubem
868 814 976 862 tamen
997 793 1103 887 usque
1123 799 1288 863 reducunt

322 915 360 976 In
377 913 448 976 loca
461 927 532 976 tuta
548 911 664 994 maris,
677 911 748 976 viso
762 935 822 1000 per
834 929 975 980 transtra
992 915 1103 978 furore

323 1028 427 1116 Ignis,
446 1043 479 1090 et
492 1027 627 1092 adverso
643 1027 765 1116 Minyis
781 1050 979 1119 consurgere
991 1030 1098 1094 bello:

320 1145 463 1208 Vulnere
478 1143 618 1233 perculsi
632 1145 783 1233 gemino,
794 1145 918 1224 jactura
936 1145 1094 1233 ducisque

319 1256 488 1322 Terrificat
502 1273 646 1339 mentes,
662 1272 695 1329 ct
713 1259 831 1322 acerbo
846 1260 995 1324 concutit
1010 1276 1103 1324 aestu.

320 1373 445 1436 Emicat
461 1370 634 1435 AEsonides
649 1371 784 1436 inimica
803 1372 958 1460 corymba
974 1374 1149 1454 revellens,

318 1491 502 1576 Rostraque
519 1485 725 1575 perfringens
743 1488 861 1576 Argois
877 1489 993 1552 aemula
1006 1489 1136 1570 rostris,

317 1603 386 1668 Nec
402 1603 510 1666 minus
535 1619 568 1665 et
586 1603 724 1666 laterum
750 1602 879 1666 tabulas
895 1604 1078 1691 perrumpit
1095 1604 1225 1666 inertes.
1323 1619 1343 1656 ³0

321 1719 397 1783 Non
414 1740 506 1782 secus
521 1716 556 1780 in
576 1717 690 1780 molles
707 1716 822 1804 pernix
839 1717 866 1781 si
887 1718 971 1780 forte
988 1717 1155 1805 columbas

276 1890 282 1912 ,
318 1832 437 1898 Incidit
451 1831 618 1920 accipiter,
638 1830 725 1894 cadit
744 1831 814 1894 haec
830 1831 947 1895 laniata
963 1831 1106 1895 cruentis

317 1947 509 2037 Unguibus3
534 1946 588 2009 illa
601 1948 703 2010 'ruens
720 1946 878 2034 resupino
895 1962 1028 2034 pectore
1046 1962 1190 2010 rostrum

317 2066 478 2151 Experto,
494 2061 617 2124 alaruur
636 2059 723 2124 cadit
741 2061 898 2149 exagitata
916 2061 1060 2150 fragore,

313 2181 383 2242 'Aut
398 2177 518 2266 plumis
535 2177 658 2241 nudata
676 2176 743 2239 suis
760 2199 768 2239 :
786 2176 832 2240 sic
848 2173 984 2240 fluctuat
1000 2199 1133 2265 agmen,

316 2295 358 2356 Et
375 2293 463 2380 turpi
481 2290 536 2354 dat
552 2307 642 2380 terga
658 2289 766 2379 fugae,
794 2290 943 2356 subsistit
956 2294 1052 2356 Iason

315 2409 500 2471 Contentus
516 2405 628 2470 vicisse
651 2407 736 2468 feros
756 2405 826 2468 sine
844 2407 1006 2496 sanguine
1023 2407 1173 2471 Colchos.

359 2514 610 2587 Ollifortunam
630 2520 817 2603 adversam,
840 2522 993 2611 regisque
1017 2524 1150 2610 superbi

315 2638 472 2735 Invictam
495 2634 648 2724 precibus
667 2651 832 2716 mentem,
851 2636 1069 2725 praeduraque
1085 2638 1182 2703 corda

313 2754 432 2834 AEetae,
452 2767 596 2839 natoque
612 2774 710 2838 super
726 2750 809 2813 mala
825 2767 916 2815 tanta
935 2770 1124 2841 perempto,

314 2870 489 2934 Volveutes
508 2868 638 2949 animo,
658 2882 809 2931 statuunt
825 2868 1045 2933 concordibus
1064 2871 1154 2933 urnis

313 2990 352 3051 In
368 3007 458 3049 mare
474 3006 552 3047 mox
570 2982 732 3047 Cronium
748 2982 869 3048 festino
886 2982 1013 3049 flectere
1031 3008 1132 3050 remo.

311 3094 464 3167 Fulmina
482 3097 539 3162 sed
555 3098 688 3162 vibrans
704 3097 860 3187 prohibet
876 3098 1025 3164 Saturnia
1042 3102 1138 3164 luno.

312 3217 481 3280 Postremo
499 3237 622 3296 mores,
639 3214 829 3302 rabiemque
851 3214 1001 3302 Cytaeidis
1017 3238 1100 3296 orae,

310 3330 536 3419 Barbaricique
552 3328 615 3392 iras
634 3328 718 3415 regis
735 3327 904 3415 furiasque
920 3330 1045 3417 perosi,
1069 3346 1071 3354 ’

312 3450 349 3511 In
366 3447 471 3510 varios
488 3446 595 3509 abiere
611 3444 720 3524 locos,
739 3441 903 3506 cunabula
920 3445 1026 3533 gentis

311 3562 418 3626 Prima
434 3562 545 3625 futura
563 3580 649 3621 suae:
667 3556 702 3620 hi
720 3579 784 3643 qua
800 3579 870 3623 sese
888 3557 1018 3647 hospita
1036 3559 1146 3624 fundit
1245 3624 1253 3638 ‚

310 3678 435 3757 Insula,
452 3674 511 3738 ubi
529 3671 662 3761 Absyrti
681 3672 879 3759 cognomine
895 3687 982 3736 terra
997 3690 1143 3753 vocatur,

309 3798 411 3859 Terra
427 3791 519 3856 ducis
536 3790 617 3879 grati
635 3807 850 3862 monumenta
868 3790 1023 3878 perennia
1037 3814 1187 3855 servans:

309 3918 366 3974 Ast
382 3907 435 3972 alii
450 3907 533 3970 latus
550 3905 736 3993 Illyricum,
754 3904 969 3994 Cadmaeaque
982 3906 1075 3987 juxta

310 4023 460 4093 Culmina
480 4022 672 4087 substractae
692 4044 764 4108 quae
781 4022 886 4111 surgit
901 4023 936 4085 in
953 4024 1071 4087 aethera
1089 4023 1206 4104 turris,

307 4137 538 4225 Encheliisque
557 4137 633 4201 viris
648 4138 753 4217 juncti
764 4138 877 4203 ‚vixere
893 4138 1001 4202 coloni
