2859 4975
377 465 385 471 ἣ
479 378 843 446 insensuales.
1136 378 1197 465 293

168 507 353 573 Centaurus
371 494 482 600 stupet
493 510 669 600 aspiciens,
687 511 870 598 feriensque
888 525 1064 574 trementes
1160 526 1198 572 t³⁵

171 621 213 686 ln
233 645 303 688 sese
323 624 392 713 ipse
411 647 525 690 manus
544 641 664 691 terram
679 624 763 713 pede
779 625 885 713 pulsat
904 623 1036 713 equino.
1078 686 1080 692 ,

215 737 281 802 Sed
300 739 388 802 venit
405 762 424 803 a
442 741 545 828 puppi
561 739 701 827 Tiphys,
720 739 913 827 Minyasqne
937 754 1075 827 repente

168 852 313 940 Imperio
330 855 438 943 cogit,
461 871 573 919 cantus
592 879 652 945 ego
670 853 788 919 deinde
804 855 922 920 remisi.

169 967 383 1058 Consurgunt
400 992 569 1056 proceres,
586 993 644 1034 sua
659 970 808 1058 quisquis
825 986 857 1034 et
873 969 981 1034 induit
997 992 1096 1036 arma.

176 1080 243 1146 Sed
258 1097 373 1148 natum
388 1083 503 1148 Peleus
518 1084 629 1173 patriis
647 1085 834 1174 complexus
851 1085 885 1147 in
902 1081 987 1148 ulnis
1166 1102 1207 1145 ua

172 1310 292 1376 Arrisit
310 1311 510 1400 lacrymans3
526 1311 671 1400 gaudens
687 1312 813 1399 excepit
827 1311 975 1376 Achilles.

171 1429 246 1516 lpse
264 1425 331 1490 suis
344 1427 459 1514 pellem
477 1426 630 1490 manibus
647 1428 831 1494 Centaurus
851 1426 1018 1490 honorans
1108 1421 1113 1428 ’

172 1540 310 1629 Hospita
325 1539 412 1606 dona
433 1539 523 1608 dedit
540 1539 632 1628 pardi
648 1541 729 1604 mihi
746 1563 866 1606 munus
882 1540 1013 1609 habere.

170 1658 232 1720 Ast
249 1653 306 1718 ubi
327 1655 479 1743 spelunca
496 1652 700 1720 discessimus
721 1653 798 1723 inde
815 1655 945 1737 relicta,

173 1767 330 1833 Extendit
346 1767 456 1849 senior
476 1767 593 1834 tumuli
612 1766 654 1832 de
672 1767 791 1832 vertice
811 1784 966 1857 utrasque
1166 1786 1206 1832 ns
1229 1780 1232 1792 “

175 1881 368 1972 Phyllirides
391 1883 426 1945 in
444 1897 519 1946 vota
539 1904 654 1951 manus
664 1930 674 1961 ,
698 1904 900 1970 superosque
921 1901 1071 1971 precatur

152 2049 155 2062 .
178 2000 267 2062 Dent
291 1971 432 2064 redititm
454 1997 574 2086 Minyis
586 2020 599 2078 ς,
617 1996 725 2068 veniat
741 2019 874 2086 quoque
890 1999 1022 2089 regibus
1038 2015 1108 2064 orat

178 2111 290 2176 Gloria
308 2111 520 2199 magnanimis
542 2109 650 2180 tardos
666 2111 775 2177 visura
792 2128 940 2204 nepotes.
1010 2164 1016 2177 s

221 2225 307 2315 Ergo
319 2226 376 2290 ubi
389 2226 457 2306 jani
470 2225 511 2289 ad
528 2237 642 2295 navem
658 2242 689 2289 et
705 2225 781 2294 litus
795 2225 1023 2295 descendimus
1036 2251 1167 2304 omnes,

115 2313 120 2323 ι
179 2338 362 2407 Consedere
377 2339 443 2408 suis
460 2339 497 2402 in
512 2339 660 2408 transtris
673 2340 832 2428 quisque,
849 2326 1030 2430 manusque
1164 2360 1205 2404 sse

179 2454 329 2583 Impliciti
346 2453 462 2521 validis,
474 2453 646 2543 pulsabant
664 2477 793 2543 aequora
811 2457 920 2527 remis.

180 2570 289 2633 Pelion
309 2592 348 2634 ex
368 2568 471 2633 oculis
485 2568 567 2649 abit„
594 2586 627 2632 et
643 2569 691 2633 vis
711 2592 846 2658 spumea
862 2589 957 2637 vasto.

181 2684 353 2779 Exsultans
365 2683 478 2773 pelago
502 2700 652 2747 canentes
668 2683 789 2748 fecerat
804 2686 923 2755 undas„

180 2800 299 2863 Pisaeus
313 2798 410 2878 latet,
432 2815 465 2862 et
481 2814 556 2879 tua,
571 2798 683 2886 Sepia,
700 2798 810 2880 litora,
825 2817 948 2871 vertex„
1002 2842 1012 2854 ι

182 2914 265 2977 Ante
281 2912 394 2983 oculos
406 2910 550 2978 Sciathos
562 2910 713 2993 veniunt,
727 2912 928 3007 Dolopisque
939 2917 1134 3003 sepulcrum,
1166 2938 1204 2985 sss

180 3029 277 3093 Plana
293 3049 424 3114 quoque
441 3024 631 3105 Anchialos,
649 3042 682 3089 et
697 3028 789 3113 aquis
808 3030 975 3116 praesalsus
987 3031 1148 3113 Enaulus,

183 3143 248 3226 Qui
263 3140 379 3230 rapido.
393 3140 486 3209 vastis
503 3136 674 3225 strepitum
690 3139 747 3206 dat
759 3139 894 3207 llumine
910 3144 1013 3207 terris.

183 3257 383 3320 Praetereunt
398 3254 497 3318 valles,
509 3254 627 3340 Minya
645 3275 779 3345 quoque
795 3257 915 3320 montis
934 3257 1064 3346 Olympi

187 3370 311 3434 Excelsi
330 3369 512 3448 obstrusas,
529 3383 562 3432 et
577 3364 686 3431 Athon
706 3389 782 3432 cum
796 3366 969 3432 frondibus
982 3369 1067 3452 altis,

183 3483 335 3548 Pellenen
352 3482 467 3563 latam,
486 3501 615 3544 necnon
633 3479 719 3543 diam
735 3481 976 3546 Samothracen.
1168 3504 1206 3549 ss<

183 3600 268 3663 Hinc
284 3620 417 3686 quoque
433 3599 559 3661 mortali
580 3598 661 3661 nulli
677 3595 814 3661 dicenda
830 3595 967 3660 deorum

185 3713 279 3777 Sacra
303 3693 382 3775 meis
403 3710 519 3773 moniti
536 3710 742 3774 sermonibus
759 3708 890 3775 horrida
909 3711 1011 3774 vitant

186 3828 328 3907 Heroes3
344 3825 432 3887 illinc
450 3846 591 3911 namque
608 3822 788 3887 insatiabile
804 3824 931 3886 lucrum

187 3942 295 4007 Incola
312 3939 352 4004 de
370 3940 475 4003 nautis
493 3963 658 4003 sacrorum
675 3938 816 4002 vindicat
832 3962 905 4004 usu.

188 4055 268 4120 lnde
286 4054 326 4119 ad
343 4055 539 4142 compositos
559 4055 668 4118 vultus
686 4053 877 4143 appellimus
896 4056 981 4145 Argo
1172 4075 1211 4123 aas
