2859 4975
322 429 713 500 ARGONAUTICON
744 423 935 490 LlB.‘Vll.

140 577 247 662 Atque
264 587 337 634 toro
360 569 502 657 projecta
519 579 650 628 manet:
671 583 775 649 quum
790 559 857 622 risa
872 555 980 619 vocari

139 689 281 766 Rursus,
304 700 337 749 et
353 681 493 770 impulso
511 692 693 742 sonuerunt
710 673 840 738 cardine
855 685 973 759 postes.

139 801 226 889 Ergo
242 799 299 863 ubi
318 796 426 861 nescio
445 817 511 883 quo
528 793 659 881 penitus
675 813 709 854 se
727 788 863 852 numine
878 784 963 849 vinci

139 917 264 997 Sentit,
282 931 316 978 et
328 912 489 978 abscisum
505 906 667 998 quidquid
681 905 791 995 pudor
805 918 881 966 ante
899 896 1074 994 monebat,

138 1032 224 1094 'l'um
242 1027 373 1092 thalami
387 1023 551 1113 penetrale
567 1021 661 1110 petit,
677 1043 749 1108 quae
766 1017 903 1080 maxima
917 1027 1011 1076 norat
1122 1021 1160 1060 ³2⁵

137 1142 265 1207 Auxilia
283 1138 459 1204 Haemoniae
478 1157 626 1225 quoerens
646 1157 706 1222 pro
722 1155 798 1220 rege
813 1130 938 1194 oarinae.

137 1257 247 1344 thue
263 1253 379 1343 procul
400 1251 530 1340 magicis
549 1250 701 1337 spirantia
719 1264 802 1311 tecta
819 1244 972 1321 venenis,

137 1373 180 1435 Et
201 1392 289 1433 saevae
310 1383 443 1457 patuere
467 1365 569 1445 fores,
595 1363 767 1451 oblataque
784 1374 895 1425 contra

137 1485 274 1565 Omnia,
291 1505 363 1571 quae
380 1467 502 1561 Po'nto,
517 1503 589 1568 quae
605 1478 759 1544 Manibus
773 1476 859 1540 eruit
873 1473 962 1551 imis,

137 1600 179 1663 Et
194 1621 266 1687 quae
283 1596 459 1686 sanguinea
474 1596 574 1658 Lunae
591 1593 754 1656 distrinxit
771 1591 812 1655 ab
829 1591 895 1653 ira:
1118 1598 1160 1637 ³³⁰

180 1715 295 1777 «Tune
305 1712 460 1800 sequeris,
473 1711 530 1790 ait,
545 1707 735 1796 quidquam,
742 1721 798 1770 aut
814 1704 934 1791 patiere
946 1695 1154 1788 pudendum,
1183 1693 1186 1700 ’

1102 437 1162 501 119

124 1872 177 1917 321.
195 1873 250 1915 Post
264 1870 328 1916 hunc
345 1883 405 1914 rere.
421 1866 567 1913 desideratur
585 1864 669 1911 iolium
683 1864 803 1923 integrum
821 1876 834 1907 ι
851 1875 885 1904 ra.
903 1859 948 1904 Sea
966 1856 998 1903 ad
1018 1870 1052 1900 vs.
1070 1851 1156 1913 35911·

92 1949 169 1996 Vatia.
181 1949 235 1995 eod.
243 1948 299 1994 vid.
308 1947 388 1994 Heius.
404 1962 425 2005 7,
436 1945 488 2004 ³⁵7.
508 1948 569 1992 tunc
585 1947 646 1989 visa.
662 1943 753 1988 Bonon
765 1940 818 1987 cod.
834 1965 865 1973 -
881 1938 935 1982 330.
953 1937 1051 1980 Lunam
1065 1934 1155 1978 Bonan.

92 2028 146 2074 rod.
160 2031 251 2074 Boron.
263 2030 283 2074 Ι.
295 2030 359 2073 lunt.
371 2026 424 2073 ild.
436 2027 479 2072 En.

91 2154 208 2214 curabit,
232 2153 317 2207 donec
337 2153 424 2207 denuo
444 2153 533 2206 vocari
553 2153 601 2204 sibi
646 2151 709 2216 bue,
723 2147 818 2222 quibua
830 2147 892 2200 caelo
904 2144 1088 2201 deduceretur,
1102 2139 1154 2190 ira-

90 2233 208 2297 videtur,
218 2237 354 2306 januaeque
366 2236 478 2285 cardines
489 2236 601 2300 impulsos
645 2247 672 2284 ta
683 2231 819 2292 emittere,
833 2240 858 2280 et
873 2227 901 2278 in
915 2225 1011 2277 herbae
1020 2234 1046 2274 et
1058 2220 1153 2291 grami-

89 2312 184 2365 iterum
197 2313 322 2383 opinatur
335 2313 443 2365 moveri.
645 2329 678 2362 na
690 2309 829 2364 effundere
841 2306 1004 2360 credebatur.
1015 2301 1112 2354 Similis
1121 2299 1155 2352 lu·

125 2389 601 2462 323-346.Mutatigitursubiromen-

88 2482 157 2539 tem,
169 2483 300 2543 opemque
318 2471 407 2525 Jasoni
423 2471 492 2524 ferre
512 2469 600 2523 denuo

88 2552 233 2605 constituit.
246 2552 336 2616 Quum
351 2570 413 2622 ergo
428 2554 524 2603 numine
533 2568 600 2620 quo·

87 2628 151 2683 dam
164 2635 263 2699 penitus
281 2634 360 2691 vinci,
378 2642 462 2682 totum
483 2628 598 2681 animum

88 2711 205 2781 impelli,
216 2708 348 2775 obsideri,
360 2713 469 2771 sentiret,
483 2722 509 2761 et
522 2712 600 2760 abaci·

87 2810 153 2851 snm,
179 2808 320 2842 excussum
347 2798 420 2852 ease,
445 2788 597 2855 evanuisse,

86 2873 211 2938 quidquid
219 2873 303 2936 prtdor
310 2882 368 2918 unte
378 2873 504 2928 rnorrebat,
514 2868 598 2939 pudo·

86 2949 125 3000 ris
139 2949 255 3011 monita,
273 2962 324 2999 turra
341 2949 445 2998 thalami
457 2953 595 3014 penetrale,

85 3028 196 3082 interius
208 3027 332 3080 conclave
342 3064 349 3088 ‚
356 3030 432 3093 petit,
445 3026 490 3078 nbi
502 3026 597 3079 herbae

85 3108 209 3160 servabat
220 3106 337 3159 conditas
345 3143 353 3169 ,
362 3108 475 3165 auxilia,
485 3125 540 3173 qaue
548 3126 597 3156 ma-

645 2409 692 2443 cne
710 2401 749 2442 est
769 2387 872 2450 Ovidii,
886 2390 975 2438 Amor.
994 2385 1037 2447 11¹,
1055 2400 1084 2443 t,
1102 2381 1133 2432 23
1147 2397 1153 2430 :

647 2473 760 2521 Carmine
774 2471 915 2538 sanguineae
927 2469 1051 2518 deducunt
1062 2479 1155 2514 cornua

644 2553 717 2602 lance.
731 2550 763 2601 ln
773 2550 854 2619 longo
863 2545 981 2620 ejusdem
992 2541 1091 2595 Medeae
1101 2558 1154 2591 me·

643 2627 805 2682 dicaminur'n
824 2625 915 2679 indice
934 2622 1005 2695 apud
1030 2618 1153 2673 cumdem

642 2707 768 2760 Ovidium
777 2748 784 2773 ,
793 2708 899 2759 Metam.
907 2704 970 2771 Vll,
980 2705 1030 2763 aiii
1039 2720 1080 2772 eq.
1091 2710 1150 2752 sunt

643 2787 721 2838 etiam
731 2802 839 2854 exceptae
845 2793 915 2836 Luna
921 2796 1038 2852 perrwete
1043 2783 1154 2848 pretinm

642 2866 703 2921 vide
720 2879 745 2918 et
763 2868 889 2919 Ncamrm
907 2882 987 2936 supra
997 2903 1004 2928 ,
1015 2863 1066 2924 VI,
1080 2868 1150 2930 447:

642 2946 750 2997 Atracio
768 2952 864 2996 Lunam
880 2962 975 2993 venereo
992 2956 1153 3009 spumantem.

640 3052 676 3062 —-
689 3022 740 3075 Adi
755 3035 880 3093 praeterea
895 3022 970 3075 statii
981 3020 1069 3073 Theb.
1084 3031 1154 3072 noat.

640 3101 682 3154 ed.
687 3104 719 3157 Τ.
730 3104 770 3168 ΙΙ,
779 3123 806 3175 p.
818 3103 881 3166 128,
890 3104 938 3155 ubi
949 3103 984 3155 de
994 3106 1079 3153 labore
1088 3105 1153 3151 lunoe

640 3182 797 3252 ampliorem
805 3193 896 3233 notam
908 3182 1031 3235 invenies
1041 3180 1093 3233 En.

677 3262 738 3315 3³1.
747 3263 807 3313 Jam
817 3279 880 3312 vero
890 3263 979 3314 Jaeoni
989 3279 1038 3313 suo
1050 3260 1151 3330 potissi·

85 3190 169 3246 aima,
182 3185 395 3253 presentieeima,
405 3199 494 3244 norat,
499 3204 548 3252 pro
560 3204 597 3234 re-

33 3283 38 3289 ’
82 3287 130 3335 ge,
148 3266 285 3338 principe,
305 3268 450 3325 Hemoniae,
466 3264 595 3316 Thessali·

86 3364 143 3408 cae,
157 3348 250 3397 carinoe
261 3347 402 3413 quaesitura.
641 3360 714 3395 mum
725 3342 865 3413 profutura
873 3358 974 3393 venena
989 3339 1083 3411 eliget?
1102 3340 1151 3390 ldi-

122 3425 184 3492 3¹7·
194 3427 284 3475 Procri
293 3426 393 3491 magicis
402 3425 522 3490 spirantia
532 3437 597 3473 tecta
641 3421 712 3474 nime
727 3423 809 3489 vero(
819 3420 890 3472 coni.
908 3419 943 3471 ad
958 3431 1045 3473 totum
1062 3420 1149 3483 locum

85 3506 201 3563 venenis,
216 3502 310 3555 odores
330 3502 474 3555 herbarum
491 3521 521 3555 ex
539 3520 597 3554 con
642 3500 764 3573 Apollon.
775 3501 828 3562 111,
842 3500 892 3553 801
905 3518 946 3571 sq.
960 3503 980 3570 ).
993 3499 1151 3551 Laudabunt

85 3582 157 3635 clavi
167 3584 220 3634 late
231 3582 314 3652 sparsi
327 3595 426 3635 eunt...
441 3585 526 3634 oblata
539 3602 596 3632 cen·
640 3600 745 3634 tnecum
761 3598 853 3633 omnes
865 3591 948 3650 poetae
960 3590 1149 3641 commentum,

84 3680 126 3715 rra
136 3664 233 3721 arania,
243 3664 278 3714 oh
286 3662 378 3715 oculos
386 3661 501 3714 habebat
511 3671 596 3712 totum
641 3677 695 3733 quo
704 3660 800 3712 honori
808 3660 907 3713 Medeae
920 3659 1009 3713 denuo
1021 3658 1149 3725 consulit,

83 3758 251 3795 venenorum
260 3752 415 3813 apparatum
425 3778 433 3803 ,
442 3760 497 3808 qua·
505 3747 595 3801 Ponto,
641 3758 799 3810 aeneumque
808 3739 918 3811 pudoris
930 3739 1010 3792 semel
1022 3739 1110 3793 adhuc
1123 3739 1149 3791 in

83 3840 115 3873 ex
132 3821 209 3873 terris
221 3820 308 3873 Ponto
328 3819 526 3891 adjacentibus,
541 3838 596 3887 qnae
641 3822 759 3873 animum
769 3821 825 3889 ejus
832 3819 907 3889 jubet
917 3817 1013 3871 redire.
1025 3818 1118 3883 Quid?
1129 3820 1151 3873 si

84 3904 201 3952 Manibus
210 3904 274 3951 erint
281 3903 347 3961 imis,
357 3900 499 3962 etumulie,
508 3900 594 3970 aepul-
639 3898 679 3951 hie
692 3898 818 3960 venenis,
834 3899 870 3951 ita
884 3899 1035 3969 loquentem
1048 3898 1150 3953 inducit

82 3981 135 4031 eris
148 3979 273 4043 collecta,
287 3995 312 4030 et
324 4000 380 4047 quoe
392 3983 533 4048 sanguineae
548 3986 595 4029 ιιι-
638 3976 814 4030 miserandam
827 3978 976 4050 virginem,
991 3977 1073 4049 quid?
1085 3980 1107 4031 ei
1120 3980 1147 4031 in

82 4080 122 4109 nn
136 4061 262 4109 distrinxit
271 4064 281 4125 (
290 4059 382 4110 melius
393 4062 538 4118 destrinxit,
552 4056 596 4109 de·
640 4075 682 4107 me
693 4057 779 4127 ipsam
789 4057 863 4108 utar?
875 4064 942 4108 liene
949 4062 1067 4126 sequens,
1077 4078 1148 4130 agae,

81 4137 178 4207 tersit)
198 4142 230 4187 ab
259 4141 309 4197 ira,
334 4156 454 4208 spumam
482 4155 593 4207 nempe,
640 4135 735 4197 iacias,
756 4141 904 4204 quidquam,
924 4155 970 4189 ent
986 4143 1086 4205 patiare
1101 4162 1148 4208 pn·

81 4236 163 4287 quam
183 4218 259 4268 Luna
279 4216 455 4269 veneficarum
473 4214 596 4270 carmini·
639 4218 758 4277 ciendum,
773 4218 866 4281 nefas,
882 4239 963 4285 quum.
974 4223 1018 4272 tibi
1034 4235 1070 4272 tot
1089 4242 1148 4272 mon
