2859 4975
352 386 749 452 ARGONAUTICON
764 386 862 451 tle.
887 384 946 452 vt.
1149 385 1189 474 37

151 516 234 600 Quis
252 518 381 607 gravior
395 532 546 605 nutuque
562 515 680 581 cadens
696 516 854 582 exterruit
867 515 970 581 ldam.

114 635 121 641 '
148 632 245 697 'lunc
259 631 345 715 ruit,
363 646 400 696 ut
415 632 541 696 montis·
555 631 654 713 latus,
671 646 728 695 aut
743 647 782 697 ut
797 630 947 697 machina
963 631 1068 714 muri,

150 745 234 827 Quae
251 746 394 835 scopulis
408 744 623 837 trabibusque
636 744 694 810 diu
707 746 923 835 confectaque
936 743 1074 810 flammis

148 858 334 925 Procubuit
349 874 479 944 tamen,
497 876 594 949 atque
610 860 777 949 ingentem
788 859 934 948 propulit
948 859 1077 923 urbem.
1145 878 1183 917 aas

195 975 281 1039 Ecce
296 974 407 1040 loctun
420 991 616 1065 tempusque
633 988 740 1056 ratus,
757 974 888 1063 jamque
904 988 938 1039 et
955 996 1011 1039 sua
1026 974 1135 1063 posci·
1150 1024 1154 1028 .

146 1087 281 1172 Preelie,
295 1090 427 1153 falcatos
443 1090 544 1154 infert
558 1089 767 1154 Ariasmenus
778 1110 869 1172 axes,

147 1204 303 1292 Saevaque
319 1203 476 1270 diffundit
489 1204 615 1269 socium
626 1206 721 1294 juga,
734 1204 885 1294 protinus
902 1224 1017 1267 omues

147 1318 369 1408 Grajugenas,
388 1324 502 1387 otnnes
519 1336 671 1409 rapturus
686 1320 728 1383 ab
744 1320 873 1409 agmine
888 1319 1053 1386 Colchos·

149 1431 316 1515 Qualiter,
331 1455 448 1497 exosus
461 1434 594 1523 Ργηὶιω
608 1456 729 1523 genus,
744 1457 874 1524 aequora
887 1456 1001 1499 rursus
1146 1448 1183 1500 ³90

147 1546 276 1635 Jupiter
288 1562 387 1635 atque
399 1568 513 1613 omnes
526 1546 663 1612 fluvium
676 1549 704 1613 si
717 1547 835 1612 fundat
845 1547 1006 1626 habenas,

146 1659 258 1727 Ardua
271 1660 404 1727 Parnasi
419 1662 539 1727 lateant
550 1662 644 1751 juga,
658 1662 790 1727 cesserit
803 1661 927 1749 Othrys

147 1774 297 1865 Piniger,
313 1793 346 1841 et
359 1778 472 1841 mersis
486 1775 673 1843 decrescant
684 1776 822 1867 rupibus
832 1776 946 1863 Alpes:

134 2004 190 2054 382.
209 2006 271 2071 Quin
290 2008 358 2053 etiam
378 2010 479 2071 gravior.
497 2008 572 2055 Vatis.
594 2017 617 2055 et
632 2008 724 2055 Boron
740 2005 819 2058 cote.
830 2006 891 2065 Quia
907 2000 1182 2065 nunnamenster

102 2085 160 2131 Ala.
179 2088 286 2149 uaeque
302 2102 391 2136 carens.
403 2088 479 2135 vatic.
495 2097 520 2135 et
532 2088 622 2135 Bonou.
639 2086 709 2133 codd.
731 2089 823 2133 bonon.
844 2086 864 2131 Ι.
884 2084 949 2130 carr.
966 2108 997 2117 —
1015 2081 1068 2127 385.
1084 2080 1184 2128 Protulit

102 2164 336 2213 cruentatione.
347 2192 377 2202 -
390 2166 442 2229 389.
454 2167 492 2213 Ab
504 2167 603 2228 inguine.
615 2168 680 2213 lunt.
694 2164 747 2211 Ald.
760 2166 862 2225 Eugent.
876 2163 920 2208 En.

101 2383 271 2440 vacillatione
282 2388 402 2460 corporis
412 2425 421 2453 ,
433 2394 527 2441 cadens
538 2402 619 2441 extar-
663 2407 727 2440 vum
736 2384 934 2441 diluuiumorbi
945 2395 1075 2437 terrarum
1083 2382 1181 2433 immit-

100 2466 152 2516 ruit
162 2469 234 2520 Idam
249 2468 447 2540 &gonautam
466 2470 509 2525 cui
521 2469 618 2525 cadens
663 2466 744 2532 teret,
765 2466 838 2540 quod
860 2476 986 2518 ornatum
1010 2463 1045 2516 ab
1065 2463 1179 2515 effectu:

100 2543 194 2601 adhuc
204 2547 254 2600 fuit
262 2549 395 2603 terribilis.
663 2552 770 2617 qualiter
780 2566 871 2598 exosus
880 2548 980 2611 Pyrrhae
991 2561 1087 2612 genus,
1104 2552 1180 2593 aetate
1265 2540 1268 2551 '

139 2623 200 2678 383.
217 2631 284 2680 Tunc
304 2633 364 2692 ruit,
383 2644 411 2681 ut
426 2634 513 2682 montis
534 2635 615 2692 laets,
663 2630 719 2700 ejus
728 2628 846 2680 viventes
857 2627 868 2697 (
879 2628 987 2676 seculum
996 2626 1113 2689 Pyrrltoe,
1125 2619 1180 2674 Ho-

99 2718 147 2756 ffltl
163 2719 190 2756 ut
209 2711 326 2762 martina
346 2712 423 2772 muri,
443 2711 541 2776 turris,
561 2731 618 2778 quoe
662 2706 815 2773 rat.0d.I,
828 2709 1178 2774 a),.lupitcrthuorarursus
1263 2710 1266 2716 '

100 2787 221 2852 scopulis,
236 2788 302 2840 saxis
313 2789 466 2860 ingentibus
479 2809 494 2843 e
506 2801 619 2842 tormen·
662 2785 1179 2855 atqueomuesfluriorurnfundathabenas

96 2863 135 2916 tis
153 2863 258 2932 missis,
283 2872 454 2938 trabibusque,
474 2869 617 2935 arietibus,
663 2867 819 2938 (translatio
834 2863 1007 2931 audaciori),
1022 2875 1069 2925 ut,
1083 2861 1130 2932 qui
1144 2862 1181 2912 al·
1276 2872 1282 2889 ⁶

97 2945 392 3020 confectaqueflarnrnis‚
402 2949 533 3003 malleolis,
540 2986 548 3012 ,
555 2969 617 3016 pro·
662 2947 757 2999 tissimi
766 2945 901 2998 habentur
909 2954 1029 3004 montes,
1042 2941 1119 3012 aquis
1133 2942 1181 2992 ob·

98 3027 182 3076 cubuit
189 3039 272 3082 tamen
283 3029 295 3098 (
305 3029 400 3082 melius
412 3031 530 3098 medem)
543 3043 618 3096 atque
662 3037 787 3089 tuantur,
800 3029 881 3077 ardua
888 3025 995 3075 Parnasi
993 3024 1061 3092 jugo
1069 3023 1178 3079 lateant,

98 3105 226 3172 ingentem
241 3111 352 3175 propulit
372 3111 470 3169 urbem,
491 3125 618 3178 magnam
658 3109 759 3176 piniger
774 3095 863 3172 iltluys
880 3101 1002 3156 Thracias
1019 3103 1134 3159 cesserit,
1156 3114 1181 3150 et

98 3182 172 3236 muri
182 3184 309 3262 urbisque
317 3197 421 3258 partem
432 3205 524 3240 secum
532 3186 617 3259 rapit:
663 3189 748 3238 mersis
757 3189 904 3237 decrescant
912 3183 1009 3250 napibus
1021 3185 1105 3248 Alpes.
1119 3177 1181 3230 Non

99 3263 171 3316 conl.
181 3263 274 3318 Silium
283 3265 342 3320 Ital.
351 3267 381 3331 1,
396 3269 447 3322 362
457 3286 511 3339 seq.
662 3262 809 3338 injucunde
817 3262 903 3315 variat
911 3259 1090 3313 elocutionem
1099 3257 1179 3310 Vale-

136 3341 265 3406 aeetae.
277 3345 353 3399 Alius
367 3347 530 3418 Scytharum
543 3345 616 3409 dux,
661 3345 732 3402 rius:
746 3357 923 3412 mergentem„
937 3345 1047 3396 latent...
1056 3342 1176 3391 cedunt...

100 3422 278 3484 Ariasmenus,
298 3424 327 3476 in
344 3437 463 3496 pugnam
476 3424 617 3496 procedit,
661 3421 813 3477 decrescunt.
829 3423 888 3476 Hoc
904 3420 1029 3474 ultimum
1042 3419 1070 3470 in
1084 3419 1179 3490 primis

99 3497 222 3553 curribus
232 3501 334 3556 falcatis
346 3503 488 3559 instructus
499 3541 508 3568 ,
522 3503 621 3574 quibus
662 3517 767 3558 nature
778 3500 1089 3572 accommodatumque
1099 3500 1179 3554 altius

99 3578 210 3632 tandem
222 3579 278 3652 ipse
291 3581 451 3636 conciditur.
463 3587 513 3634 Sua
523 3598 618 3652 etpres-
663 3585 736 3638 enim
758 3593 901 3654 assurgunt
923 3599 1018 3652 aque,
1038 3598 1070 3632 eo
1095 3581 1179 3651 tnagis

100 3661 136 3709 lia
149 3673 218 3710 ratus
229 3665 313 3729 posci,
325 3683 391 3716 sceva
406 3664 525 3733 dfftndit
538 3665 620 3714 socio.
659 3663 789 3717 minuitur
805 3663 936 3715 montium
957 3659 1078 3713 altitudo.
1092 3661 1178 3713 Auso·

101 3745 154 3789 rum
170 3742 251 3808 juga,
277 3761 373 3796 currus
394 3744 424 3795 in
447 3742 615 3796 latitudinem
659 3745 719 3796 nius
730 3741 899 3809 inMosella,
918 3744 1176 3811 146,1t7:magna

101 3818 237 3886 extendit,
247 3823 359 3888 pronitus
374 3836 486 3891 rapturus
497 3825 529 3874 ab
543 3826 617 3892 agmi-
660 3827 895 3892 surguntAEquora,
905 3824 1032 3890 vicinique
1041 3824 1125 3871 timent
1134 3825 1176 3870 de·

103 3917 149 3957 rte,
159 3907 259 3951 temere
272 3899 323 3952 sibi
332 3901 512 3973 persuadens,
525 3921 552 3954 se
563 3911 617 3954 sta.
660 3923 770 3955 cresccre
779 3917 882 3956 montes.
893 3900 972 3954 conf.
985 3918 1083 3971 supra,
1093 3899 1121 3950 ll
1128 3937 1136 3961 ,
1143 3901 1176 3962 6,

103 3976 149 4030 tim
166 3978 309 4050 primoque
324 3981 426 4053 impetu
439 3981 545 4037 ordines
558 3994 615 4034 tur·
661 3983 724 4047 ubi,
738 4001 792 4053 quo
807 3983 912 4054 longius
932 3981 1002 4052 Argo
1025 3999 1074 4051 per
1092 3977 1189 4030 altum'
1255 3991 1257 3995 ’

104 4056 228 4110 laturum
243 4063 383 4112 Graecorum
399 4071 424 4114 et
435 4066 585 4114 Colchorum.
660 4062 796 4132 procedit,
814 4082 845 4114 eo
864 4061 980 4115 minores
998 4069 1127 4131 apparent
1145 4058 1174 4108 in

141 4138 199 4204 390.
213 4139 273 4194 Non
284 4157 374 4209 secus,
389 4161 423 4194 ao
430 4141 451 4194 si
461 4141 562 4213 Jupiter
570 4161 618 4194 no·
660 4141 734 4194 Pelio
749 4152 840 4196 monte
859 4143 935 4205 orni,
954 4140 1038 4194 donec
1062 4136 1175 4209 superii·
