2859 4975
292 462 354 524 322
538 449 732 522 ouPHEt‘
750 458 1112 522 ARGONAUTICA.

334 592 476 680 Excipit,
496 605 533 652 ut
547 589 683 652 referam
701 590 826 676 magnis
847 613 935 654 sacra
949 591 1080 679 regibus
1096 591 1191 671 Orci,

333 707 430 770 Vasta
446 704 565 792 quibus
583 695 697 792 parcnt
712 704 863 767 immensi
878 705 1017 768 claustra
1036 694 1188 767 Barathri.
1261 729 1264 732 ·
1306 727 1358 765 ἰεω
1418 730 1419 749 ¹

331 817 412 882 Inde
426 817 509 880 celer
526 817 603 904 petii
616 817 763 879 Thracen
778 813 980 904 persumme
996 818 1141 882 nivosam

331 932 500 996 Libethras
515 931 659 1020 gaudens
674 948 793 994 terram
807 932 949 1020 tetigisse
964 950 1144 1020 paternam.

331 1044 392 1108 Hic
412 1059 543 1126 antrum
561 1045 647 1107 subii
663 1041 876 1131 peramabilis,
896 1044 1064 1132 splendida
1083 1069 1150 1133 quo
1166 1068 1220 1110 me

331 1159 471 1222 Protulit
486 1157 734 1248 OEagro'mater
748 1160 917 1222 commista
935 1153 1076 1246 potenti.

326 1872 370 1936 N.
388 1871 425 1933 B.
451 1869 544 1932 Hanc
570 1866 694 1958 Orphei
716 1865 960 1954 Argonauticon
982 1865 1165 1971 versionem
1190 1869 1353 1933 Leodrisio
1418 1922 1419 1927 ,

281 1990 433 2072 cribello,
445 1986 692 2067 Mediolanensi,
710 1985 827 2049 tribuit
846 1988 1072 2070 Burmannus;
1094 1987 1169 2051 ride
1182 1991 1354 2080 Burmann.

285 2109 407 2198 praefat.
417 2109 466 2192 ll,
481 2121 600 2171 nostrae
616 2103 694 2168 edit.
710 2119 792 2167 tom.
809 2104 843 2184 l,
856 2126 929 2191 pag.
946 2105 1008 2168 CL.
1025 2103 1176 2169 Graecum
1187 2123 1355 2198 ‘auctorem

285 2245 343 2293 aut
356 2251 423 2292 non
439 2226 553 2316 legisse
566 2224 661 2305 Pius,
677 2239 734 2286 aut
750 2245 818 2285 non
836 2221 1033 2285 intellexisse
1043 2222 1138 2286 nobis
1150 2223 1289 2306 videtur,
1302 2225 1355 2312 qui

286 2347 414 2410 Latiam
432 2343 536 2430 lyram
550 2340 636 2428 (ride
655 2361 754 2428 supra
769 2362 842 2428 pag.
857 2337 934 2426 274)
948 2341 1080 2426 gravius
1091 2355 1203 2404 tonare
1213 2357 1244 2405 et
1258 2346 1355 2431 magis

286 2467 445 2530 heroicum
460 2460 664 2550 pronuntiat.
685 2458 795 2539 Quam
811 2458 996 2523 versionem
1010 2481 1113 2547 quum
1126 2460 1211 2549 typis
1228 2461 1355 2525 manda.

288 2564 419 2663 remusJ
431 2603 468 2645 ac
491 2601 552 2667 pro
577 2594 689 2641 nostra
708 2575 878 2665 diligentie
901 2598 976 2641 cum
999 2599 1104 2667 greco
1129 2595 1221 2643 textu
1244 2579 1353 2644 sedulo

288 2700 531 2779 conferremus,
549 2711 615 2759 tam
634 2693 825 2759 mendosam
842 2695 1042 2784 reperimus,
1070 2711 1109 2760 ut
1129 2696 1289 2786 integram
1312 2720 1353 2762 re·

290 2821 412 2909 lingere
429 2816 558 2881 animus
575 2813 773 2897 sollicitaret,
788 2812 851 2875 nisi
865 2829 997 2901 urgeret
1008 2829 1148 2901 tempus,
1160 2837 1353 2904 omnemque

291 2959 416 3003 moram
437 2935 522 2999 circa
541 2922 749 2997 secundarias
771 2947 878 3019 partes
896 2948 1060 2996 recusaret
1081 2934 1187 3022 operis
1204 2936 1353 3024 praecipui

291 3060 385 3142 ratio,
402 3052 561 3145 propositi
581 3050 661 3115 fides
670 3081 686 3133 ,·
706 3073 744 3114 ac
760 3050 911 3138 promissi
927 3052 1118 3117 constantia.
1136 3053 1233 3117 Plura
1248 3072 1352 3121 tamen

288 3184 379 3261 loca,
400 3196 473 3263 que
494 3162 546 3235 rel
563 3170 708 3250 nullum,
726 3169 778 3232 rel
800 3167 979 3231 absurdum
1004 3192 1156 3258 prorsus,
1174 3173 1352 3238 efficiebant

290 3318 434 3391 seusum3
451 3291 557 3357 obiter
573 3286 827 3369 emendarimus,
837 3286 949 3351 ‘donec
964 3310 982 3351 e
997 3288 1143 3354 studiosa
1155 3292 1351 3358 literatorum
1414 3283 1415 3312 ³

293 3434 388 3509 gente
403 3410 518 3499 aliquis
533 3408 667 3483 oriatur,
682 3406 741 3495 qui
759 3405 906 3493 Orphea,
920 3406 1161 3489 sireLatiuum,
1175 3412 1242 3476 sive
1260 3414 1352 3479 Galli-

290 3558 377 3614 cum,
387 3532 524 3621 dignum
534 3520 866 3625 saltem'Graecotupc
878 3524 1012 3593 demum
1025 3528 1126 3595 literis
1136 3534 1350 3619 proferatlio.
