2859 4975
239 435 303 521 298
675 415 873 498 on'rnm

281 567 308 630 E
324 565 438 630 mediis
455 580 581 645 manat,
609 567 734 629 fontem
756 580 851 629 vocat
868 564 974 630 incola
992 565 1128 628 Clenen.

323 681 417 744 Tunc
434 701 511 769 ergo
529 679 626 744 oracli
645 701 823 761 memores,
842 696 978 743 tenuere
995 701 1152 747 cacumen
1277 697 1323 748 ⁵⁹⁵
1423 729 1425 752 ,

279 795 436 858 Divinum
454 790 555 858 auditi
575 815 682 881 reges,
699 809 732 857 et
748 793 939 881 Dindymon
955 794 1077 875 altum,

279 911 324 973 Ut
344 909 528 974 veneranda
544 909 642 974 sacris
658 931 790 972 annosoe
807 908 951 997 denique
967 909 1096 999 placent

278 1025 383 1090 Corda
400 1025 517 1106 Rheae,
534 1041 712 1112 sumatque·
725 1025 848 1088 animas
862 1025 974 1114 regina
992 1026 1140 1089 calentes.

276 1141 348 1228 Ipse
364 1156 471 1205 autem
489 1140 610 1204 cithara
628 1162 757 1228 semper
774 1140 950 1205 comitante
964 1141 1132 1228 sequebar.

276 1237 435 1320 Proevenit
450 1254 504 1318 hic
521 1254 618 1320 etiarn
632 1277 694 1318 nos
711 1255 831 1344 Argus,
851 1277 962 1344 puppe
979 1256 1104 1337 relicta,
1277 1273 1327 1311 600

278 1369 344 1450 Qui
360 1369 433 1457 pius
451 1370 584 1457 obliqua
602 1369 763 1434 intortum
779 1393 856 1434 cum
873 1370 994 1435 cortice
1009 1393 1136 1434 ramum

274 1485 301 1548 E
320 1469 405 1547 ferro
417 1500 562 1548 arentem
578 1485 679 1549 vitem
694 1483 840 1572 praecidit
853 1501 967 1568 acute,

273 1596 488 1686 Effigiemque
505 1619 627 1661 sacram
643 1597 735 1661 seclis
752 1598 954 1662 monimenta
970 1597 1119 1662 daturam

272 1711 432 1775 Omnibus
452 1712 580 1801 egregia
595 1711 681 1793 fixit,
700 1712 851 1775 formavit
869 1727 902 1775 et
919 1728 1005 1793 arte,

273 1827 470 1915 Reginaeque
488 1849 575 1890 aram
594 1827 723 1915 sculpto
742 1825 783 1889 de
800 1848 962 1889 marmore
976 1826 1104 1891 struxit.

271 1941 333 2004 Hic
350 1941 448 2031 igitur
464 1942 597 2029 properi
610 1941 748 2029 Minyae,
768 1963 902 2028 praeque
918 1942 1071 2006 omnibus
1089 1963 1178 2006 nnus

271 2056 462 2139 AEsonides,
480 2057 575 2121 sectis
591 2070 722 2144 ponunt
737 2057 836 2120 altare
850 2055 977 2143 lapillis.

269 2172 341 2236 Hoc
355 2195 453 2261 super
470 2187 503 2236 et
519 2188 629 2236 tauros
646 2171 766 2254 libant,
783 2186 816 2235 et
832 2170 962 2235 victima
978 2193 1117 2259 quoeque

271 2286 369 2356 Grata
388 2286 469 2367 fuit,
492 2307 708 2373 proceresque
720 2284 836 2364 juvant
850 2283 1004 2348 libamina
1020 2285 1102 2350 diva.

248 2476 251 2485 s
269 2400 337 2463 Nos
352 2401 475 2481 cultus,
495 2398 672 2486 laudesque
688 2397 758 2461 deae
775 2398 936 2462 celebrare
948 2399 1117 2482 jubemur,
1270 2418 1317 2457 ⁶10

268 2515 475 2604 supplicibus
494 2514 639 2585 reditum
655 2535 723 2601 quo
739 2514 785 2577 sic
802 2514 926 2602 placata
944 2515 1112 2579 ministret.

301 2632 400 2721 ¹Ergo
418 2630 476 2694 ubi
492 2630 655 2694 desierant
668 2628 823 2692 libamina
839 2651 929 2693 sacra
949 2651 1145 2718 precesque,

188 2828 197 2833 -
269 2750 407 2834 Argoam
420 2745 461 2809 ad
479 2767 593 2809 navem
612 2743 842 2809 descendimus
855 2744 961 2825 ‚vhine
976 2767 1110 2833 quoque
1123 2746 1252 2834 Tiphys

263 2863 389 2925 ‚Heroas
406 2860 447 2927 de
462 2882 573 2950 puppe
586 2874 702 2923 vocat:
720 2876 793 2921 tum
812 2860 961 2948 protinus
981 2883 1096 2925 omnes

267 2976 445 3057 lrruimuS,
463 2999 531 3064 quo
549 2976 687 3063 quisque
701 2975 792 3063 prius
807 2996 868 3063 per
881 2990 1020 3038 transtra
1035 2975 1156 3041 resedit
1266 2994 1310 3033 ⁶1⁵

266 3091 408 3172 Ordine;
429 3108 510 3155 tunc
527 3091 623 3155 etiam
637 3112 803 3153 remorum
820 3112 898 3153 cura
913 3090 1054 3154 subibat.

266 3208 388 3295 Sponte
405 3228 463 3270 sua
479 3205 574 3272 funes
590 3222 674 3269 terra
693 3227 813 3268 venere
828 3204 944 3286 soluti,

266 3321 410 3408 Velaque
427 3319 628 3384 tenduntur:
651 3318 748 3382 nobis
765 3318 856 3383 Rhea
875 3318 1043 3408 Dindymo
1059 3320 1099 3384 ab
1116 3320 1189 3408 ipso

266 3435 493 3523 Magnipotens
510 3433 598 3497 misit
614 3449 731 3496 ventos
749 3432 790 3495 de
805 3452 917 3520 puppe
935 3433 1107 3498 secundos.

176 3620 178 3627 ,
266 3550 334 3614 Nos
350 3567 458 3614 autem
473 3572 604 3613 rursum
621 3546 795 3636 spectanda
813 3547 990 3635 nepotibus
1006 3550 1083 3614 olim
1262 3569 1306 3607 sio

265 3666 359 3727 Sacra
377 3680 530 3729 coronata
547 3662 587 3727 dc
603 3661 677 3725 navi
692 3661 852 3725 mittimus
869 3684 941 3743 ara3

267 3770 499 3857 Implicitasque
515 3771 622 3857 Argus
637 3767 711 3832 duri
729 3789 853 3831 cessere
868 3767 1035 3833 rudentes.

224 3932 226 3937 -
252 3890 309 3947 .At
324 3901 498 3973 postquam
515 3885 603 3947 naris
622 3884 831 3970 complerunt
848 3883 978 3947 carbasa
992 3885 1097 3967 venti,

266 4000 442 4063 Subsiliens
458 4000 554 4063 salsas
572 3998 664 4085 ponti
683 3998 886 4085 praetervolat
903 3998 1025 4078 undas,

187 4186 190 4198 Δ
267 4116 308 4177 Et
323 4138 425 4202 prope
441 4114 610 4200 Mysorum
627 4130 727 4181 terrae¹
738 4111 878 4177 confinia
897 4115 1027 4194 transit,
