2859 4975
307 425 699 492 ARGONAUTICON
732 424 924 488 LIB.V1[.
1087 421 1145 485 133

118 559 182 622 Per
198 574 245 638 te,
271 581 343 645 quse
360 559 484 646 superis
501 557 649 644 divisque
667 556 832 642 potentior
848 556 939 634 imis,

118 674 248 759 Perque
264 673 349 754 haec,
365 673 472 761 virgo,
491 689 548 735 tuo
564 670 735 736 redeuntia
749 670 855 734 sidem
870 687 970 750 nutu,

119 790 227 874 Atque
242 811 301 876 per
313 788 371 851 has
388 787 489 851 nostri
505 787 581 870 juro
596 785 790 848 discriminis
804 785 923 847 horas:
1108 800 1145 837 ⁵0⁰

120 903 276 988 Unquam
290 923 350 989 ego
367 902 394 964 si
409 901 515 964 meriti
531 901 592 962 sim
605 901 710 962 noctis
723 916 757 963 et
770 902 943 964 immemor
955 894 1074 978 hujus,

118 1014 152 1075 Si
168 1031 198 1077 te
214 1028 355 1100 soeptm,
373 1012 526 1094 domum,
541 1014 567 1078 si
584 1031 616 1078 te
629 1015 761 1100 liquisse
776 1031 925 1101 parentes

113 1128 278 1206 senseris,
295 1143 328 1191 et
343 1112 413 1190 men
433 1144 504 1190 turn
527 1150 592 1191 non
612 1129 681 1192 hsec
699 1128 855 1214 promisse
869 1125 1049 1206 videntem,

118 1244 203 1306 Tum
221 1263 272 1305 me
286 1263 353 1305 non
372 1258 482 1305 tauros
496 1241 587 1319 juvet
603 1242 756 1320 evasisse,
773 1241 924 1326 ferosque

120 1357 316 1444 Terrigenas
330 1380 339 1437 ;
356 1373 426 1419 tum
442 1379 493 1419 me
510 1357 602 1420 tectis
623 1372 676 1418 tua
693 1355 804 1418 turbet
822 1355 856 1416 in
874 1353 951 1440 ipsis
1106 1369 1144 1408 sus

120 1473 282 1551 Flamma,
306 1487 434 1557 tuaeque
455 1486 558 1550 artes5
583 1471 691 1532 nullus
711 1489 901 1535 succurrere
922 1484 1034 1532 contra

118 1588 251 1674 Ingrato
266 1602 381 1672 queet3
403 1601 436 1647 et
454 1585 480 1647 si
497 1583 576 1670 quid
596 1601 633 1647 tu
648 1586 781 1664 saevius,
797 1584 874 1669 ipsis

119 1699 278 1780 Adjicins‚
299 1722 416 1786 meque
434 1700 468 1761 in
484 1697 592 1762 medio
608 1715 730 1762 terrore
747 1698 943 1784 relinquas».

119 1814 244 1892 Audiit,
264 1831 360 1902 atque
379 1814 475 1878 simul
497 1814 618 1877 meritis
638 1814 779 1900 perjuria
801 1813 901 1900 poenis

117 1929 308 2018 Despondet
323 1945 456 2018 questus
478 1950 605 2015 semper
625 1927 732 1990 Furor
748 1928 837 1990 ultus
855 1928 1000 1990 amantis.
1104 1947 1143 1984 ειη

164 2044 240 2106 Haec
262 2041 318 2105 ubi
339 2042 442 2123 dicta,
468 2059 577 2106 tumen
596 2058 740 2129 perstent
764 2039 888 2104 defixus
907 2057 1061 2128 uterque,

103 2257 160 2302 Soo.
172 2256 315 2302 nocemus
326 2269 384 2300 oras.
399 2255 474 2301 Vetio.
491 2255 543 2302 cod.
559 2265 604 2301 ets
614 2256 690 2316 prime
701 2270 772 2300 mann
782 2255 841 2300 Bou.
851 2255 903 2300 cod.
915 2282 945 2291 -
956 2257 1009 2302 sor.
1023 2258 1049 2301 Si
1059 2257 1142 2301 meritis

72 2335 154 2379 noodr
164 2334 284 2379 irnmemor
293 2333 367 2395 hujus.
377 2333 452 2380 Varie.
466 2333 519 2380 cod.
537 2336 587 2380 Sim
601 2335 685 2380 meritis
695 2337 812 2395 metisque
823 2337 940 2378 immemor
952 2334 974 2380 d.
985 2338 1074 2381 Boron.
1086 2336 1139 2380 cod.

69 2417 122 2460 Sim
138 2414 226 2459 meritis
242 2415 360 2476 noctisque
375 2428 416 2459 nec
431 2415 470 2461 im.
485 2415 507 2460 k.
525 2416 616 2461 Bonon.
634 2417 644 2459 1
661 2423 684 2461 et
699 2415 730 2460 11.
743 2417 790 2461 Sim
805 2417 878 2460 meriti
895 2417 1013 2477 noctisque
1027 2417 1048 2460 ei
1062 2417 1100 2460 tin.
1115 2416 1136 2459 le.

68 2498 83 2539 J
86 2504 138 2540 unt.
150 2496 236 2539 Moser.
246 2495 273 2539 Si
280 2496 353 2539 meriti
363 2496 479 2556 noctisque
486 2496 529 2539 sim
538 2496 578 2539 im.
588 2494 609 2540 t.
622 2494 672 2540 ttd.
684 2496 733 2539 Sim
741 2494 814 2539 meriti
824 2495 1028 2556 recomprimit.
1039 2496 1139 2555 lingent.

69 2601 104 2609 -
120 2574 175 2620 503.
191 2574 306 2619 Promissa
318 2583 436 2619 tenentem.
448 2575 537 2619 Bonon.
549 2574 601 2619 cod.
615 2574 741 2621 Videntem.
753 2578 798 2619 Pro
807 2574 870 2620 ruris
880 2575 933 2621 lect
943 2601 973 2609 -
985 2575 1031 2621 505
1041 2583 1065 2620 et
1074 2583 1138 2635 seqq.

72 2657 132 2699 Tum
149 2668 185 2698 me
201 2655 270 2698 textis
288 2663 326 2697 tua
341 2663 357 2699 t.
374 2654 399 2698 irs
418 2654 474 2714 ipsis
488 2656 529 2698 Ira
551 2663 572 2698 et
589 2654 622 2699 ad
640 2670 708 2699 saeoos
724 2656 805 2699 merito
820 2664 868 2699 tum
882 2656 988 2715 protinus
1011 2656 1074 2715 ignes
1089 2655 1140 2700 Ad·

62 2726 162 2792 jicias)
173 2740 217 2777 etc.
230 2733 320 2777 Boron.
331 2729 384 2777 cod.
397 2730 441 2776 En.

109 2931 584 2999 498.Perte,quoesnperisdivisqnepo·
628 2940 653 2980 et
671 2928 796 3000 patrium,
814 2938 839 2978 et
851 2939 971 2996 parentes
985 2926 1138 2995 reliqueris,

72 3008 583 3079 tentiorimr's(edmodumadulatorie!)
629 3006 708 3059 fldem
732 3006 823 3058 fallere
843 3004 950 3067 rideas,
967 3020 1018 3055 tum
1034 3024 1072 3055 me
1088 3023 1137 3068 nou

67 3107 165 3157 perque
177 3091 245 3148 hec,
255 3092 332 3157 *uirgo
346 3089 417 3156 (hoc
435 3089 524 3159 recepi
537 3106 586 3159 pro
631 3102 714 3137 tauros
730 3089 799 3153 juvet
816 3086 931 3141 erasure,
948 3098 999 3133 enm
1015 3102 1054 3133 me
1072 3086 1140 3133 tectis

72 3171 182 3240 vulgato
188 3189 258 3237 ergo,
266 3181 399 3239 preeunte
408 3168 566 3221 Bononiensi
577 3208 585 3232 ,
631 3168 765 3216 custumes
777 3167 802 3212 in
813 3166 870 3228 ipsis
874 3165 984 3231 flamma
990 3183 1001 3221 ,·
1010 3162 1139 3231 respicere

72 3248 199 3313 Heinsio,
209 3260 234 3300 et
245 3247 351 3319 Cupero
361 3289 368 3312 ‚
380 3248 456 3300 Obss.
468 3266 493 3318 p.
506 3247 584 3315 283),
629 3242 674 3297 hic
695 3252 800 3314 poetam
821 3239 854 3291 ed
875 3239 1043 3301 incendium,
1065 3239 1138 3309 quod

72 3344 116 3377 cuo
131 3331 260 3378 redeuntia
273 3346 288 3377 e
299 3326 432 3393 nubibus,
447 3337 476 3377 ut
490 3326 584 3378 iterum
629 3321 724 3375 Medea
739 3331 828 3392 postea
847 3319 975 3388 temporis
989 3318 1093 3371 Creusae
1111 3330 1138 3369 et

72 3406 269 3477 conspiciuntur
283 3407 364 3474 (conf.
379 3426 403 3459 v.
416 3408 490 3475 456),
503 3407 585 3457 sidera
629 3400 750 3455 Creontis
761 3397 853 3451 domui
868 3396 992 3460 immisit,
1006 3410 1078 3449 recte
1090 3398 1141 3454 ob·,

72 3501 143 3547 nutu,
153 3492 232 3553 Atque
235 3505 282 3554 per
292 3488 337 3536 lias
348 3489 490 3554 nostrijnro
500 3487 584 3535 discri-
629 3493 713 3535 servat
723 3481 900 3532 Burmannus.

73 3568 145 3615 urinis
155 3568 243 3626 horas,
259 3566 356 3635 quibus
372 3584 456 3638 quum
471 3563 584 3615 maxime
665 3562 725 3629 ⁵⁰9·
745 3562 843 3618 Audiit,
863 3571 937 3623 etque
954 3558 1028 3606 simul
1046 3558 1137 3608 meritis

73 3645 190 3714 pericula
204 3644 270 3696 mihi
283 3644 380 3696 instare
394 3643 479 3697 video.
494 3643 582 3713 Cupe·
625 3643 736 3709 perjuria
748 3640 828 3706 poenr’s
845 3637 988 3702 despondet,
1002 3652 1092 3705 ptenns
1108 3634 1137 3686 in

74 3744 119 3777 rus
128 3724 145 3777 l.
154 3725 173 3776 l.
185 3744 215 3777 ex
224 3724 370 3777 scholiastes
382 3723 515 3796 Apollonii
526 3722 581 3787 411,
627 3732 789 3773 antecessum
802 3714 908 3768 meritas
919 3714 1042 3785 perjuriis
1056 3712 1136 3765 desti·

76 3806 137 3875 257,
155 3805 380 3869 monet,Veteres
398 3803 513 3873 primum
536 3820 582 3872 per
626 3811 688 3864 nat,
709 3796 922 3865 inflicturnmque
945 3812 972 3845 se
992 3793 1136 3845 certissime

74 3883 150 3949 deos,
171 3882 267 3935 deinde
291 3900 337 3954 per
362 3880 510 3935 infortunia
535 3900 580 3933 sue
627 3877 739 3951 spondet
751 3882 837 3934 Furor,
855 3888 950 3944 questus
968 3890 1059 3939 semper
1072 3875 1135 3922 utrm

71 3966 182 4031 jurasse.
628 3962 749 4016 amantis,
762 3955 809 4027 qui
820 3963 928 4027 questus
942 3952 1086 4003 amentium
1101 3949 1135 4001 de

109 4041 167 4094 Sor.
192 4046 218 4091 Si
239 4062 284 4109 ego
308 4060 415 4109 unquam
438 4041 480 4093 vel
506 4042 585 4090 meriti
629 4036 750 4109 perjuriis
772 4052 875 4104 semper
897 4030 987 4095 cudit,
1007 4029 1135 4101 perfidos-

73 4122 129 4184 tui,
146 4122 188 4172 vel
203 4124 280 4171 noctis
297 4124 366 4188 hujus
386 4125 510 4170 immemor
523 4122 579 4178 sim,
626 4136 679 4188 que
692 4115 776 4185 ptenis
785 4112 958 4185 persequitur.

71 4213 237 4271 tuque,quae
247 4202 299 4253 mei
310 4218 398 4253 amore
409 4212 433 4251 et
443 4200 581 4261 thronum,
662 4195 788 4247 511-538.
816 4191 908 4242 Medea
936 4207 1034 4257 quum,
1054 4206 1133 4257 quam
