2859 4975
248 422 288 465 10
553 403 590 467 o.
614 401 812 469 vinnan
840 403 1013 496 rancor

287 531 357 597 Nec
370 532 496 621 primus
512 531 639 616 radios,
656 533 748 600 miles
764 535 929 616 Romane,
945 533 1073 599 corusci

193 719 196 726 ¹
288 646 465 728 Fulminis,
481 663 515 711 et
531 647 642 713 rutilas
658 648 759 724 scutis
776 648 970 714 diffunderis
986 649 1060 713 ales.

287 761 426 851 Insuper
441 778 570 829 amatos
586 764 759 852 collegerat
773 763 842 852 ipse
856 763 1031 845 dracones,

286 876 400 942 Matris
415 877 512 943 Ilorae
528 877 709 965 specimen,
724 878 910 967 linguisque
925 876 1078 943 adversus
1092 876 1248 965 utrinque
1310 966 1314 972 Ι

286 989 468 1087 Congruit,
485 1006 519 1054 et
532 990 626 1055 tereti
640 1012 772 1080 serpens
785 991 842 1057 dat
852 975 988 1057 vulnera
1002 1014 1148 1081 gemmae.

329 1102 458 1167 Tertius
473 1104 637 1169 unanimis
652 1106 786 1170 veniens
802 1128 878 1171 mam
893 1106 1036 1171 millibus
1052 1106 1188 1171 Auchus
1286 1124 1317 1163 σο

283 1218 471 1282 Cimmerias
490 1233 631 1283 ostentat
647 1241 747 1307 opes,
765 1222 819 1285 cui
836 1220 993 1287 candidus
1011 1221 1090 1285 olim

285 1331 394 1396 Crinis
409 1332 514 1415 inest,
529 1334 634 1398 natale
652 1332 772 1415 decus,
788 1332 844 1399 dat
859 1335 988 1425 longior
1002 1350 1076 1399 etas

284 1447 354 1511 Jam
370 1446 528 1535 spatium,
546 1448 664 1537 triplici
680 1470 871 1537 percurrens
884 1464 1032 1538 tempora
1048 1446 1156 1530 nodo;

284 1560 433 1627 Demittit
447 1583 538 1627 sacro
555 1563 699 1651 geminas
716 1584 737 1626 a
751 1562 870 1627 vertice
885 1562 997 1627 vittas·
1191 1568 1195 1571 ’
1225 1614 1228 1622 .

328 1674 470 1757 Dathin,
486 1674 699 1743 Achaemeniae
717 1677 845 1765 gravior
860 1675 901 1741 de
918 1676 1054 1741 vulnere
1064 1650 1204 1767 pugnas,
1283 1697 1313 1737 ss

272 1882 311 1932 56.
328 1883 461 1948 Diffudsrir.
469 1886 534 1933 lunt.
543 1886 628 1932 Macer.
640 1885 694 1932 Ald.
703 1886 804 1947 lingent.
812 1910 845 1921 -
852 1883 891 1931 60.
901 1884 1003 1932 Auchus.
1013 1886 1077 1932 Just.
1088 1884 1174 1933 Macen
1186 1884 1239 1932 tld.
1250 1885 1295 1931 lln.

276 2018 384 2073 senec
392 2022 487 2090 primus
505 2008 601 2084 iadios,
618 2025 687 2077 miles
701 2028 752 2075 Ilo·
831 2023 975 2074 conaus
983 2022 1313 2089 Gimneriasoseentatopes,

238 2118 330 2159 mans,
352 2102 449 2151 corusci
459 2104 575 2173 fulminis
591 2102 662 2169 (alia
680 2102 752 2175 peri·
795 2099 879 2164 acies,
890 2102 931 2151 cui
946 2102 1068 2151 candidus
1080 2102 1150 2163 olim,
1162 2098 1251 2153 indes
1262 2118 1314 2153 na-

238 2176 360 2251 phrasis)
370 2216 378 2241 ,
389 2193 415 2229 et
422 2184 508 2232 rutilas
519 2183 593 2233 scutis
603 2182 752 2249 dfflnderis
794 2178 904 2243 tivitate,
914 2184 999 2231 namle
1006 2184 1092 2241 decus,
1101 2182 1176 2231 crinis
1184 2193 1238 2242 est,-
1245 2197 1314 2231 nam

238 2262 304 2310 alas.
321 2258 475 2326 Dffeaden's
491 2257 584 2312 eodem
599 2260 752 2330 graecismo,
795 2257 844 2312 toti
861 2260 963 2331 populo
976 2258 1125 2313 communis
1138 2258 1187 2311 iste
1199 2259 1314 2312 coloret

239 2354 312 2410 qao,
325 2354 350 2389 v.
367 2337 418 2401 ⁵3,
430 2342 534 2400 celata,
545 2336 592 2393 sed
602 2336 693 2411 paullo
704 2338 753 2392 du·
794 2337 823 2391 in
836 2338 938 2391 honore
949 2350 999 2393 est.

238 2416 320 2469 riori=
340 2413 433 2469 diffusi
454 2416 524 2470 radii
540 2436 589 2492 per
605 2430 679 2471 scuta
694 2430 750 2472 tua.
830 2421 875 2471 δα.
888 2422 941 2469 Dat
951 2418 1052 2486 longior
1061 2431 1122 2468 eras
1135 2422 1192 2468 lam
1204 2417 1314 2485 spatium

238 2496 352 2550 Facilius
378 2497 525 2569 afficieris,
548 2517 598 2552 nec
621 2497 752 2552 abludunt
795 2499 885 2566 triplici
886 2517 1033 2566 percurrens
1045 2513 1153 2566 tempora
1163 2501 1315 2558 nodo,asta·

239 2575 312 2628 libri.
331 2575 475 2641 Ceterum,
496 2575 566 2630 alata
583 2575 696 2630 fulmina
723 2577 751 2630 in
796 2579 881 2650 tejam
890 2577 1049 2648 provectior,
1061 2576 1170 2649 ospiIlos
1179 2575 1314 2647 longiores

238 2654 330 2724 clipeis
352 2655 466 2730 militum
485 2659 665 2711 Romanorum
684 2659 753 2712 anti·
796 2654 823 2707 in
835 2656 964 2727 triplicem
978 2655 1078 2709 nodum
1093 2655 1250 2727 collegerat;
1263 2659 1313 2707 de-

236 2733 299 2804 quis
310 2735 477 2806 nummisqne
488 2735 586 2808 ubique
596 2735 688 2802 obvie,
699 2754 752 2791 nec
796 2739 950 2786 mittitsaoro
961 2755 979 2787 a
992 2739 1097 2796 uernae,
1105 2753 1165 2787 non
1178 2735 1249 2787 enim
1261 2753 1311 2788 rex

238 2813 316 2866 facile
330 2813 397 2875 erit,
412 2815 461 2886 qui
474 2815 606 2884 legionem
626 2816 751 2869 fulmina·
796 2815 899 2878 solnm,
909 2814 956 2868 sed
967 2815 1090 2869 sacerdos
1099 2812 1309 2867 etiameratmo·

238 2892 332 2945 tricem
348 2891 470 2964 ignoret,
488 2892 522 2946 de
539 2913 591 2965 qua
612 2895 753 2967 scriptores
795 2912 825 2946 re
833 2894 921 2966 prisco
930 2932 938 2959 ,
949 2898 1064 2964 geminas
1072 2898 1159 2948 ninas.

237 2968 354 3024 historiae
370 2971 551 3026 ecclesiastice
564 2971 627 3026 olim
646 2973 752 3027 fabula·
832 2974 874 3027 65.
888 2980 988 3044 Daraps
999 2978 1111 3045 gravior,
1122 2973 1241 3038 tardior,
1253 2991 1309 3026 non

163 3061 166 3066 '
238 3048 348 3105 bantur.
795 3053 858 3105 satis
878 3054 970 3108 valens
995 3072 1123 3127 corpore,
1149 3058 1181 3106 de
1204 3057 1312 3106 vulnere

274 3133 538 3200 57.1nsuperauratos
545 3135 685 3200 collegerat,
689 3132 755 3204 jun·
795 3137 961 3187 Achaemeniae
976 3154 1083 3203 pugna,
1104 3135 1132 3186 in
1147 3151 1237 3205 pugna
1248 3151 1310 3186 con·

237 3221 312 3261 xerat
322 3209 350 3262 in
363 3209 445 3264 fibula
456 3248 464 3274 ,
482 3213 533 3278 ipse
546 3216 682 3274 dracones,
696 3233 753 3264 ma·
794 3225 835 3266 tra
844 3213 937 3266 Persas
945 3224 1064 3284 accepto,
1072 3216 1169 3265 misitin
1179 3231 1250 3264 arma
1258 3217 1311 3263 Da·

236 3289 281 3343 tris
293 3295 368 3341 Horae
376 3294 496 3360 specimen
508 3291 751 3363 (eVirgilio,AEn.
796 3293 863 3353 thiu,
876 3294 966 3343 circum
982 3310 1053 3360 quem
1074 3295 1165 3343 martia
1183 3294 1250 3343 acies
1268 3304 1310 3344 est

237 3365 309 3434 ΧΠ,
328 3373 376 3434 164
389 3407 397 3434 ,
410 3373 472 3423 Solis
495 3374 537 3424 aui
554 3372 706 3441 specimen),
722 3371 752 3424 in
797 3373 983 3438 Gangaridum,
993 3385 1104 3438 potaque
1114 3375 1193 3435 Gerys
1202 3390 1263 3438 quos
1272 3373 1310 3440 ef·

236 3443 429 3504 documentum
439 3462 512 3504 ortus
521 3451 562 3504 sui
570 3472 586 3506 a
594 3450 714 3524 nympha
723 3449 751 3502 in
787 3450 880 3520 jerat(
887 3450 921 3502 ab
933 3451 1144 3520 efferare)unda,
1155 3450 1204 3502 ieri
1213 3451 1309 3504 accole

236 3522 365 3581 dracones
378 3529 524 3584 desinente.
794 3528 897 3603 Geryon
908 3529 999 3592 fluvii,
1010 3533 1102 3599 quique
1114 3534 1194 3581 lacurn
1207 3532 1309 3581 cinxere

272 3611 315 3664 58:
332 3610 483 3679 Linguisqus
499 3607 616 3661 aduersus
636 3610 752 3677 euinque
794 3613 880 3662 Biecn.
899 3608 1026 3663 Paludem
1043 3616 1126 3675 Bycen
1146 3621 1188 3674 et,
1211 3608 1258 3680 qui
1279 3609 1308 3660 in

234 3691 362 3757 congrunt,
372 3703 397 3740 ee
404 3690 579 3758 tercu'serpens
589 3692 634 3739 dat
643 3691 751 3759 vulnera
795 3707 854 3741 enm
863 3709 920 3742 sese
929 3689 1042 3742 effundit
1052 3726 1060 3753 ,
1069 3687 1180 3740 durium
1191 3692 1308 3740 Gerrlum

234 3788 352 3837 gemme,
363 3769 400 3820 ita
411 3778 471 3838 apte
480 3766 608 3824 elaborati
615 3777 691 3819 erant
700 3767 751 3820 sibi
794 3769 858 3822 novi
868 3807 876 3832 ,
888 3769 1058 3840 inveniesque
1069 3767 1103 3820 nd
1117 3768 1214 3821 Istrum
1227 3767 1309 3822 Chen

235 3847 348 3920 oppositi
358 3859 505 3916 serpentes,
514 3859 544 3899 ut
554 3845 681 3911 mediam,
691 3867 751 3920 quse
795 3849 882 3902 sonesi
895 3849 1032 3913 Taurica,
1047 3851 1202 3916 Gangaridae
1217 3865 1308 3918 suspe-

234 3927 455 3999 paludamentum
480 3926 647 3992 contineret,
674 3947 749 3999 gem·
795 3928 849 3988 cti,
867 3947 930 3981 nam
951 3928 1032 3998 hujus
1055 3927 1169 3980 nominis
1192 3927 1309 3998 populns

232 4024 305 4082 mam
315 4005 439 4058 mordere
447 4004 570 4060 dentibus
579 4005 749 4073 viderentur3
794 4007 877 4060 Iudiae
893 4007 964 4060 intra
976 4007 1094 4078 Gangem
1112 4004 1192 4058 nimis
1212 4005 1306 4060 distat:

233 4085 307 4138 conf.
325 4099 423 4156 supra,
442 4085 501 4154 111„
514 4103 582 4155 ⁴190,
599 4101 626 4142 et
646 4087 684 4140 ihi
704 4086 751 4140 ad·
793 4087 903 4150 Strabo,
913 4088 956 4152 11,
967 4085 1034 4155 347,
1047 4083 1127 4138 habe't
1138 4089 1305 4152 Gangaridas.

190 4187 191 4194 ¹
233 4165 340 4235 scripta.
793 4168 883 4230 Recte,
896 4185 1013 4238 namque
1026 4163 1120 4218 codem
1131 4165 1189 4218 loco
1199 4165 1306 4229 Strabo,
