2859 4975
446 405 811 471 ARGONAUTICA.
1106 405 1170 470 313

134 540 260 603 Pontus
280 535 500 625 Hyperboreis
518 561 536 602 a
556 535 729 626 gentibus,
746 551 780 600 et
799 555 889 600 mare
906 535 1096 618 Mortuum3

136 652 235 717 Unde
252 651 349 716 etiam
367 651 470 716 letum
483 649 631 742 fugiendi
646 650 735 714 nulla
749 649 814 714 fuit
828 671 919 738 spes,

135 767 178 832 Ni
193 766 332 855 puppim
345 765 457 830 validis
472 765 608 830 Ancaeus
624 762 749 829 viribus
765 779 885 846 aetam,
910 825 915 835 ,
1012 744 1017 776 ¹

135 883 273 947 Innixus
295 881 433 971 pulchra
449 880 638 946 temonibus
657 895 727 944 arte
743 877 876 961 dolatis,

136 999 260 1062 Dextra
277 997 436 1087 coegisset
450 1017 584 1060 cursum
600 1016 659 1083 per
674 993 770 1057 litora
786 995 881 1058 ferre.
1041 1005 1044 1011 “
1120 1011 1171 1064 ¹⁰7⁵

136 1111 272 1177 Prosilit
285 1111 363 1176 hinc
378 1109 515 1201 geminis
530 1107 661 1174 sudanti
675 1107 798 1196 remige
812 1108 949 1196 palmis,

136 1223 200 1289 Sed
216 1222 359 1289 domitos
376 1225 475 1313 longo
491 1244 658 1288 remorum
674 1220 818 1310 denique
831 1222 931 1310 pulsu

135 1337 321 1425 Linquebat
329 1337 396 1418 jam
410 1336 493 1402 fessa
512 1358 644 1418 manus,
657 1337 724 1417 jam
741 1337 844 1400 tristia
856 1335 975 1419 eorda,

136 1451 338 1540 Brachiaque
353 1452 388 1514 in
403 1473 523 1517 nexum
541 1451 657 1516 durata
672 1450 781 1516 fronte
796 1452 972 1540 plicamus3

137 1567 287 1653 Torquet
300 1564 382 1665 dura
395 1566 513 1650 fames,
534 1582 567 1632 et
581 1565 685 1666 sudor
698 1569 823 1632 multus
840 1566 986 1633 anhelos.
1123 1589 1173 1626 nno

137 1682 225 1745 Tum
239 1681 322 1746 saltu
337 1681 462 1771 rapitur
478 1681 520 1746 de
535 1705 646 1771 puppe
662 1685 821 1766 Ancaeus,
838 1701 871 1748 et
888 1705 1003 1748 omnes

135 1788 293 1859 Mollibus
313 1795 464 1860 hortatur
479 1795 595 1862 heroas
614 1794 714 1862 fidere
730 1796 849 1862 verbis.

121 1909 207 1991 Qui
225 1925 399 1998 postquam
418 1933 494 1975 curn
509 1933 620 1999 puppe
637 1912 747 1976 locum
766 1928 903 1976 tenuere
922 1912 1117 2000 palustrem,

84 2049 86 2054 ·
138 2023 178 2086 ln
200 2047 290 2088 mare
312 2023 354 2089 de
374 2047 503 2090 summa
519 2025 638 2089 saliunt
653 2047 713 2112 per
725 2025 821 2090 litora
836 2027 927 2109 navi,

136 2139 287 2204 Funibus
302 2162 340 2204 ac
355 2139 467 2204 subito
480 2140 586 2229 longis
604 2162 624 2202 a
638 2161 749 2228 puppe
765 2137 909 2204 reductis
931 2162 934 2166 ·
1123 2156 1172 2194 1⁰⁸⁵

138 2255 294 2319 Extremo
310 2275 471 2319 annexam
487 2253 657 2318 deducunt
673 2253 816 2318 molliter
834 2256 921 2344 Argo

141 2370 245 2460 Argus
263 2385 297 2433 et
315 2371 472 2451 Ancoeus,
488 2368 609 2458 Minyis
626 2368 705 2433 dant
723 2367 842 2433 deinde
855 2366 1011 2435 rudentes

139 2482 339 2550 Tendendos
356 2484 507 2574 reliquis;
527 2484 659 2573 rapiunt
675 2507 736 2574 per
753 2485 847 2549 litora
860 2507 960 2549 ctusu

139 2600 291 2681 Veloces,
309 2600 521 2688 sequiturque
539 2600 610 2665 illos
629 2622 698 2663 non
717 2598 807 2663 tarda
822 2600 950 2681 carina,

138 2715 397 2804 Stagnantesque
414 2712 520 2778 undas
537 2713 683 2803 lapidoso
699 2714 735 2777 in
751 2713 847 2778 litore
863 2715 974 2778 sulcat.
1101 2701 1174 2781 ‘¹⁰9⁰

138 2830 289 2917 Namque
302 2828 384 2893 illud
398 2828 479 2893 nulli
495 2828 619 2894 feriunt
635 2828 833 2917 spirantibus
850 2829 937 2894 auris

140 2942 296 3007 Indomiti
311 2942 444 3032 pelagus
460 2943 549 3007 venti
565 2967 575 3025 3
592 2958 714 3031 perstat
732 2964 822 3007 mare
837 2942 991 3025 surdum,

141 3058 302 3146 Dictaque
317 3080 391 3146 pars
405 3058 549 3147 Helices,
563 3072 596 3121 et
608 3057 753 3146 Tethyos
766 3058 881 3122 ultima
893 3058 995 3147 regni.

185 3174 245 3237 Ast
259 3172 319 3237 ubi
335 3189 423 3237 sexta
439 3172 508 3237 dies
525 3194 619 3238 roseo
637 3194 713 3235 cum
730 3172 855 3237 lumine
876 3174 982 3255 venit,

141 3287 298 3353 Venimus
311 3288 353 3354 ad
368 3288 469 3371 dites,
492 3287 648 3385 omnique
666 3309 705 3351 cx
725 3302 818 3375 parte
832 3287 944 3351 beatos
1125 3303 1173 3354 1⁰9⁵

142 3403 345 3485 Macrobios,
363 3403 489 3467 facilem
507 3402 565 3491 qui
580 3401 679 3467 vitam
695 3400 731 3465 in
749 3401 846 3491 longa
861 3401 1028 3465 trahentes

141 3519 275 3601 Secula,
291 3518 440 3583 millenos
458 3518 596 3607 implent
612 3517 750 3583 feliciter
763 3538 885 3598 annos,
1003 3565 1006 3571 -

142 3634 310 3703 Immunes
325 3632 462 3725 vitiique
480 3631 603 3713 omnis,
620 3632 783 3721 sortisque
802 3631 961 3721 malignae.

142 3754 266 3817 Verum
282 3753 342 3817 ubi
357 3753 467 3819 fatales
483 3770 655 3842 aequarunt
668 3768 816 3842 tempore
832 3754 964 3835 Parcas,

143 3866 230 3931 Tum
246 3850 363 3932 somno
384 3867 517 3956 capiunt
534 3882 568 3931 et
585 3866 673 3931 dulei
690 3884 796 3933 morte
815 3868 970 3956 quietem.

144 3982 219 4046 Non
237 3978 298 4045 illis
314 3980 489 4046 hominum
503 3996 582 4045 sunt
597 3982 662 4045 ulla
677 3981 807 4071 negotia
823 4003 928 4063 eurae3

146 4092 209 4159 Sed
225 4095 356 4185 capiunt
377 4094 553 4184 dulcesque
572 4096 662 4162 cibos
678 4096 886 4162 terrestribus
902 4093 1030 4176 herbis,
