2859 4975
302 396 427 505 Novr
456 440 702 503 rnrroms
734 436 888 502 ΝΟΜ.
1085 436 1126 521 73

74 557 108 609 ria
127 560 159 607 aa
176 556 348 621 Bas-Empim,
369 552 484 607 ocourrit
505 551 569 603 urbs
587 550 731 612 Armenios,
753 551 861 603 nomine
881 554 956 599 roras
977 548 1020 599 vel
1034 552 1128 607 Taras,-

73 648 150 710 polort
160 638 253 710 conjici
268 636 378 689 fluvium
391 634 509 707 ejusdem
520 632 634 686 nominis
647 652 730 705 prope
742 634 813 686 hanc
822 634 913 685 urbem
925 632 1020 695 luisse,
1030 630 1129 701 dequo

74 744 137 777 mmo
145 723 275 777 Valerius.
289 720 378 774 Posset
391 737 498 791 quoque
510 736 559 791 pro
576 723 653 769 Taras
669 719 720 789 legi
734 722 831 782 Corax,
840 718 887 789 qui
902 716 997 769 fluvius
1015 726 1054 767 eol
1066 714 1127 766 sar.-

74 808 150 858 matiae
163 799 291 869 dolatico,
304 802 440 857 Colchidis
454 802 482 853 in
495 802 623 873 proximo.

104 938 134 989 V.
147 939 204 991 103.
217 942 250 988 To
261 956 358 1004 quoque
370 940 493 997 νοηωνὶε,
504 938 592 1003 ingens
604 939 767 995 Ariasmorre,
778 938 850 986 scolis

225 1022 390 1079 Tradiderim,
403 1023 489 1081 molam
499 1022 562 1069 belli.

74 1139 166 1193 Similes
176 1140 247 1212 apud
256 1140 395 1212 Virgilium
409 1149 551 1193 occurrunt
562 1138 724 1201 locutiones,
734 1140 792 1191 AEn.
803 1138 884 1200 vul,
899 1135 949 1207 733
962 1156 969 1188 :

217 1259 267 1303 Nor
278 1268 304 1303 lu
314 1257 455 1304 carminibus
467 1256 553 1303 nostris
565 1257 666 1303 indictus
676 1257 761 1309 abibis,

218 1332 315 1379 ozbale.

75 1436 134 1488 nm.
147 1436 186 1501 x,
203 1435 271 1491 185:

217 1546 271 1590 Non
282 1559 327 1604 ego
339 1552 373 1596 te,
385 1542 499 1604 Ligurum
510 1542 595 1589 ductor
606 1542 733 1590 fortissimo
744 1544 824 1596 bello,

214 1618 366 1673 Transierim,
379 1618 473 1677 Cinyra.

74 1730 154 1778 Molem
162 1729 219 1779 belli
229 1726 321 1781 confer
333 1746 394 1779 cum
405 1726 499 1799 Virgil.
514 1727 625 1793 AEn.·X‚
639 1734 707 1799 427:
725 1736 832 1790 Lausus,
840 1748 902 1797 pars
913 1730 1001 1797 iugens
1011 1731 1073 1781 belli.

105 1876 137 1926 V.
149 1876 205 1927 106.
221 1880 348 1928 Drancoeo
361 1880 485 1943 phalanx.
501 1906 536 1917 -
555 1880 676 1945 Drangai
695 1878 735 1929 vel
758 1880 908 1948 Zoraagoei,
929 1878 1021 1931 Persio
1048 1897 1128 1950 gens,

74 1959 140 2027 cujus
154 1976 249 2011 nomen
267 1960 410 2012 etiamnum
422 1972 542 2039 superest
559 1960 587 2011 in
601 1979 666 2013 voce
678 1968 798 2029 Zarang,
810 1961 883 2033 quod
895 1980 991 2014 nomen
1002 1974 1041 2014 est
1055 1960 1127 2013 urbis

74 2043 204 2112 provincias
214 2046 330 2113 Sigismn.
342 2043 405 2096 vid.
416 2043 532 2097 Danvill.
545 2054 595 2096 vet.
605 2044 748 2116 geograph.
759 2056 777 2096 t.
787 2045 831 2109 11,
843 2063 903 2117 pag.
920 2047 977 2113 ²⁸9·

104 2194 134 2246 V.
147 2194 203 2247 11⁵.
216 2199 276 2245 Eum
286 2197 390 2260 Scythice
395 2196 449 2262 jam
459 2197 529 2245 tertia
539 2197 639 2245 viderat
645 2208 716 2245 rotas.
727 2224 762 2234 -
772 2192 945 2265 Manumripli
955 2204 978 2245 el
994 2204 1054 2245 ante
1065 2192 1126 2245 Car-

73 2276 164 2329 donem
178 2276 306 2331 editiones
315 2277 419 2330 ‘habent
429 2292 518 2337 oestas,·
529 2295 610 2349 quam
619 2277 758 2330 lectionem
769 2295 801 2329 oo
809 2278 934 2330 libentius
948 2276 1106 2345 protulerim
1118 2312 1126 2337 ,

73 2360 136 2430 quod
151 2372 176 2414 et
192 2360 228 2413 ad
245 2372 385 2427 naturam,
401 2374 426 2413 et
443 2358 476 2413 ad
490 2359 562 2413 hunc
571 2360 676 2433 Virgilii
691 2361 778 2414 locum
794 2360 898 2414 videtur
911 2359 1124 2424 accommodata,

73 2444 126 2496 AEn.
138 2443 167 2510 1,
181 2447 231 2516 269
246 2458 253 2495 :

219 2550 294 2594 Tertia
305 2548 361 2594 dum
372 2549 439 2596 rasio
449 2559 586 2611 regnantem
596 2551 682 2596 viderit
687 2561 763 2596 aseae.

102 2677 129 2728 V.
141 2695 197 2729 120.
208 2678 321 2728 Discolor
330 2680 442 2728 hastatas
452 2678 539 2748 offirdlr
547 2680 627 2730 Iberia
639 2685 739 2728 ramas.
750 2707 786 2716 -—
794 2681 828 2731 Τὸ
839 2679 945 2728 discolor
956 2675 991 2727 de
1001 2676 1125 2728 varietate

74 2758 173 2811 rostiom
195 2778 384 2832 armomunquo
406 2761 587 2833 accipiendum
606 2772 701 2833 putant
721 2760 783 2812 Pius
804 2777 835 2812 ac
852 2760 1015 2829 Wagneruo.
1033 2759 1125 2822 Quum

74 2858 125 2892 vero
133 2879 141 2904 ‚
155 2853 215 2914 post
231 2842 330 2910 Indos,
346 2844 445 2898 Arabas
463 2865 495 2899 ac
507 2844 659 2917 AEgyplios,
678 2855 772 2895 auctor
791 2843 882 2894 lheros
896 2842 1027 2907 nominet,
1040 2851 1126 2911 potest

73 2922 114 2976 hac
123 2944 188 2980 voce
201 2927 339 2996 (discolor)
348 2925 481 2980 diversum
499 2928 573 2982 faciei
590 2927 704 2980 colorem
718 2924 838 2977 indicare
851 2924 970 2977 voluisse.
983 2925 1025 2977 Sic
1038 2925 1125 2975 Luca-

73 3025 128 3074 nus,
141 3009 178 3076 X,
194 3010 263 3062 128:

217 3108 325 3156 Discolor
335 3111 378 3157 hos
390 3111 495 3173 sanguis,
506 3112 564 3158 alios
575 3111 713 3157 distinxerat
722 3121 783 3157 ortas.

100 3223 131 3276 V.
145 3241 204 3276 ιιι.
216 3227 251 3274 Ee
261 3239 345 3293 raptor
356 3247 465 3279 arnomm
480 3234 583 3280 Neurus.
593 3259 627 3269 —
636 3227 735 3292 Neuri,
747 3227 880 3280 Sarmatia
893 3229 1027 3298 Europaeae
1036 3245 1122 3298 popu·

72 3304 185 3402 lmvid.
197 3305 326 3362 Herodot.
341 3310 467 3374 1v,105;
481 3311 574 3383 Pomp.
589 3311 658 3363 Mola
669 3348 678 3373 ‚
690 3311 731 3376 11,
748 3329 758 3362 1
773 3327 780 3373 ;
794 3309 876 3362 solin.
888 3310 1007 3363 Eustalh.
1021 3310 1049 3361 in
1061 3310 1124 3362 Dio·

71 3405 164 3460 nysmm
173 3429 182 3455 ,
192 3402 242 3444 olo.

100 3504 130 3555 V.
143 3505 200 3558 123·
210 3509 326 3572 Namque
333 3510 431 3576 abijam
446 3511 561 3576 viresque
574 3513 644 3571 alia,
655 3525 771 3576 notosque
781 3509 871 3578 refutat

211 3595 298 3640 Arous.

71 3701 115 3755 Pro
126 3720 194 3757 notos
207 3705 268 3776 lego
278 3721 350 3758 notas
363 3727 425 3759 cum
441 3708 518 3762 codd.
537 3723 564 3764 et
581 3721 641 3763 ante
660 3711 736 3763 corr.
755 3709 815 3762 edd.
831 3729 904 3760 araas
923 3725 1009 3771 rioms,
1024 3712 1069 3763 ille
1083 3724 1123 3764 est

71 3803 117 3854 quo
138 3789 174 3840 uti
195 3802 398 3853 consueverant,
423 3792 646 3863 quemadmodum
663 3808 732 3843 notas
754 3795 834 3851 rasis,
854 3793 906 3845 hoo
920 3793 1023 3864 Virgilii
1044 3792 1122 3857 loco,

71 3867 299 4016 fffflssggdffl
322 3888 453 3941 notumque
475 3877 599 3946 qfstagicat
616 3896 708 3927 ensem.
727 3907 762 3914 -
781 3879 849 3926 Vires
869 3878 936 3929 alica.
962 3876 1003 3932 Sic
1024 3876 1121 3947 Virgil.

117 3992 122 4003 .
158 3993 166 4020 ,
240 3995 247 4006 .

214 4065 268 4110 Nou
278 4068 341 4112 orirer
352 4067 423 4121 alias,
437 4085 594 4131 conversaque
605 4070 715 4122 numina,
731 4069 820 4114 sentis?

101 4190 200 4260 V.1r9.
219 4199 264 4246 Hir
283 4212 307 4247 et
323 4201 426 4252 odorato
447 4205 566 4270 spirantes
586 4205 653 4254 oriae
668 4205 774 4254 Micelae.
788 4231 821 4242 ·-
839 4201 929 4254 Lectio
944 4206 1054 4264 Maelo,
1077 4204 1120 4257 de·
