2859 4975
351 424 477 489 NOVl
511 424 758 491 EDl'POIllS
788 428 946 493 NOTAE.
1144 431 1184 495 85

262 540 301 585 Ma
312 538 350 585 bel
366 552 433 583 sorra
449 538 503 599 ogni
522 538 596 599 fregio
607 540 624 583 il
635 540 698 585 cinto
710 552 810 595 mostra,

260 615 410 674 Cheueppnr
421 613 484 658 nuda
493 614 522 657 ha
532 612 557 657 dl
567 613 648 659 lascire
659 625 783 661 costerus.-

262 688 306 733 uie
317 702 391 749 corpo
402 704 415 733 a
426 688 463 732 clri
474 702 522 732 non
533 687 548 731 l'
558 687 631 743 ebbe;
644 705 657 733 e
669 691 764 749 quando
775 692 791 735 il
806 691 866 743 icoc,

260 764 361 825 Tempre
372 763 481 816 mischid,
492 762 528 808 ch'
538 764 609 809 altrui
621 780 708 810 mesces·
722 781 769 810 nou
781 767 837 812 lece.
857 817 861 826 ι
947 796 953 812 t

261 838 344 883 Teneri
356 836 452 898 sdegni‚
464 855 476 885 e
487 838 580 898 placide
592 855 605 884 e
615 840 742 899 tranquille

262 912 377 973 Repulsus,
393 929 406 959 e
418 913 466 959 carl
476 912 554 967 verri,
571 913 648 959 eliete
660 914 724 973 paci,

261 987 359 1041 Sorrini,
368 989 498 1048 parolette,
510 1004 523 1032 e
535 988 598 1034 dolci
613 988 674 1033 stille

261 1060 291 1105 Di
303 1061 399 1123 pisato,
411 1078 427 1107 e
436 1062 511 1123 sospir
519 1062 623 1116 tronchi,
635 1079 649 1108 e
659 1063 724 1107 molli
734 1063 785 1107 baci
796 1079 801 1106 ε

261 1136 320 1181 Fuse
331 1135 364 1180 tai
375 1151 428 1182 cose
439 1145 510 1189 tutte;
527 1152 540 1181 e
551 1134 630 1196 porcia
645 1138 735 1188 anille,

261 1209 297 1253 Ed
308 1210 331 1255 al
341 1209 395 1255 foco
408 1213 499 1272 temprb
512 1211 536 1256 di
547 1212 609 1257 lente
620 1211 678 1263 faci;

259 1284 278 1327 Ε
293 1299 322 1329 ne
339 1284 416 1330 formd
433 1285 488 1346 quel
503 1287 522 1330 si
534 1286 626 1331 mirabil
637 1287 700 1331 cinto

262 1358 292 1403 Di
306 1359 343 1403 cb'
358 1359 402 1405 ella
413 1376 484 1405 aveva
494 1360 511 1405 il
522 1362 560 1406 bel
572 1362 646 1407 lianco
658 1362 770 1407 succinto.

116 1495 253 1565 Uterque,
273 1498 383 1551 Latinus
401 1518 497 1571 nempe
518 1514 543 1553 et
566 1502 671 1553 Italicus
691 1514 787 1571 poeta,
801 1500 873 1553 hunc
887 1512 1008 1552 ornatum
1023 1522 1038 1553 a
1050 1515 1186 1573 poetarum

116 1578 240 1649 principe
251 1593 386 1633 mutuatus
397 1621 404 1645 ,
417 1585 554 1655 proprium
565 1584 661 1637 labnlae
678 1604 730 1637 suae
742 1585 775 1636 ad
790 1604 865 1636 usum
885 1585 1006 1650 refinxit,
1022 1600 1045 1637 ct
1061 1587 1134 1655 quasi
1153 1585 1188 1637 ad

117 1672 248 1714 staturam
260 1682 314 1716 suae
326 1666 439 1736 quisque
450 1666 565 1719 heroinae
575 1668 679 1738 aptavit.
766 1702 770 1708 -

157 1758 284 1822 Quamvis
297 1781 313 1813 a
324 1762 459 1833 proposito
466 1767 522 1833 jam
533 1764 635 1833 longius
651 1764 775 1835 digressi,
785 1783 867 1833 pauca
881 1776 968 1815 tamen
980 1764 1013 1815 de
1026 1766 1118 1817 Italico
1133 1766 1190 1815 imi·

118 1852 223 1907 tatore,
241 1846 312 1897 bona
332 1847 437 1898 lectoris
456 1848 549 1908 venia,
569 1848 680 1899 libenter
695 1847 839 1900 ¹addemus.
858 1848 936 1899 llnnc
959 1850 1039 1918 igitur
1061 1850 1188 1919 Torquati

117 1925 209 1978 locum
229 1928 352 1981 nonnulli
366 1930 597 2001 vituperaverunt,
612 1934 676 1983 vitio
691 1943 819 1984 vertentes
837 1932 938 1984 auctori
951 1933 1023 2002 quod
1039 1953 1118 1985 vanas
1131 1954 1187 2004 spe.

119 2010 189 2075 cies,
201 2030 344 2083 corporum
358 2014 441 2067 instar
454 2014 615 2066 adhibuisset
627 2054 633 2077 ,
645 2016 687 2065 vel
699 2018 708 2083 (
719 2026 748 2066 ut
761 2015 817 2085 ipsa
829 2014 960 2085 Torquati
969 2016 1047 2065 verba
1062 2016 1088 2065 iu
1102 2017 1188 2086 ipsum

119 2098 311 2165 retorqueam)
324 2096 395 2166 quod
410 2100 449 2148 dit
460 2118 532 2164 corpo
546 2118 563 2146 a
577 2100 616 2148 chi
630 2118 679 2148 non
694 2102 782 2157 l'ebbc‚
793 2120 806 2149 e
819 2113 909 2166 tempre
918 2101 1017 2149 mischib
1036 2102 1080 2149 che
1098 2119 1191 2152 messer

120 2196 172 2228 nou
184 2182 235 2229 lece
245 2198 254 2228 .·
265 2178 296 2233 iis
307 2199 402 2251 nempe
415 2180 568 2251 displicebat
585 2181 630 2233 illa
645 2200 736 2233 rernm
754 2182 839 2233 forma
850 2184 997 2234 carentium
1011 2183 1116 2245 fusura;
1130 2203 1188 2254 qum

119 2271 210 2313 tamen
223 2262 350 2333 gravibus
365 2264 489 2334 exemplis
500 2278 584 2334 potest
598 2262 713 2317 delendi.
728 2264 820 2336 Neque
836 2265 946 2317 miretur
963 2266 1045 2317 lector
1061 2266 1132 2336 qnod
1152 2268 1190 2318 illi

120 2344 181 2395 loco
193 2344 241 2409 ,in
254 2363 308 2415 quo
321 2350 482 2399 romaneicum
501 2346 606 2399 dicendi
623 2367 705 2419 genus
724 2347 947 2418 deprehenditur,
961 2368 1010 2401 nos
1022 2350 1190 2402 classicorum

120 2425 280 2498 scriptorum
293 2427 405 2487 editores
417 2468 424 2492 ‚
435 2449 466 2482 ac
477 2429 590 2503 proinde
608 2434 711 2482 classico
726 2430 833 2483 dicendi
844 2431 933 2503 generi
945 2444 1075 2504 tanquam
1088 2434 1191 2506 proles·

120 2511 196 2564 sicne
216 2530 248 2565 ac
265 2524 326 2564 voto
338 2513 455 2581 addicti,
472 2517 635 2587 patrocinari
653 2535 707 2568 non
726 2516 893 2569 dubitemus:
908 2536 979 2569 nnnc
993 2518 1079 2583 enim,
1097 2519 1191 2571 omissa

120 2594 176 2663 ipsa
185 2593 248 2660 lite,
262 2596 384 2668 exempla
395 2610 498 2650 tantum
509 2599 667 2664 afferemus,
677 2617 736 2669 quar
745 2599 848 2650 valeant
859 2597 893 2651 ad
904 2601 1081 2670 cognitionem
1091 2621 1190 2665 cansa,

120 2677 222 2730 neutris
235 2678 354 2749 partibus
367 2680 416 2753 ipsi
430 2681 534 2752 publice
549 2682 672 2734 faventes.
687 2681 785 2733 Confer
798 2682 878 2751 igitur
891 2683 963 2736 hunc
976 2685 1067 2738 Ovidii
1082 2685 1170 2738 locum
1183 2729 1190 2751 ,

121 2775 202 2828 quem
214 2759 305 2813 forsan
319 2762 354 2814 ob
368 2763 459 2816 oculos
471 2764 564 2816 habuit
574 2764 725 2835 Torquatus
732 2782 740 2827 ;
750 2766 849 2816 Metam
863 2767 914 2833 IV,
928 2773 994 2835 499:

201 2887 205 2894 '
261 2889 376 2934 Attulerat
387 2903 465 2934 secum
476 2887 559 2950 liquidi
570 2903 664 2949 quoque
675 2896 778 2933 monstra
787 2889 881 2942 veneni,

262 2964 315 3010 Oris
325 2963 436 3010 Cerberei
446 2978 552 3024 spumas,
561 2971 584 3008 et
593 2963 656 3008 virus
666 2961 789 3017 Eclrtdnae,

264 3039 407 3100 Erroresque
418 3054 503 3100 vagos,
517 3053 628 3098 caecaeqne
637 3037 724 3082 oblivia
735 3040 833 3091 mentia,

265 3117 295 3161 Et
305 3115 392 3168 scelus,
404 3123 428 3160 et
437 3115 565 3172 lacrymas,
575 3112 720 3172 rabiemque,
733 3122 757 3158 et
767 3113 836 3158 cadis
848 3129 951 3160 amorem
960 3133 966 3165 ;

264 3192 346 3236 Omnia
360 3189 415 3235 trita
426 3189 507 3242 simul,
517 3204 568 3248 quae
579 3187 692 3247 sanguine
702 3188 769 3232 mista
781 3190 869 3234 recenti

267 3265 366 3310 Coaerat
378 3280 422 3310 aere
433 3279 503 3317 cavo,
519 3263 589 3308 viridi
601 3272 688 3308 versata
702 3264 784 3309 cicuta.

124 3403 194 3455 Hinc
208 3405 291 3454 omnia
302 3406 359 3453 trita
369 3405 442 3453 simul
447 3441 454 3462 ,
467 3402 537 3453 illinc
544 3404 606 3470 fure
620 3405 656 3451 rai
665 3421 722 3451 cose
734 3414 804 3459 tutte,
819 3410 879 3449 sunt
893 3417 999 3468 prorsus
1018 3398 1118 3451 similia.
1131 3401 1193 3452 Ovi·
1267 3380 1271 3405 ¹

125 3486 170 3538 dio
182 3485 282 3539 accedit
292 3483 417 3554 Virgilius
432 3485 586 3537 anctoritate
597 3484 709 3556 graviori
720 3501 728 3547 ;
739 3487 799 3535 AEn.
810 3483 895 3547 VIII,
909 3490 958 3546 429
970 3498 977 3531 ε

264 3623 321 3667 Trea
332 3620 413 3667 imbris
425 3620 480 3666 torti
491 3619 583 3675 radios,
595 3629 641 3665 tres
653 3619 722 3664 nubis
733 3632 826 3679 aquosae

265 3695 422 3749 addiderant,
438 3695 503 3742 rutili
514 3703 561 3741 tres
573 3694 634 3755 iguis
646 3703 670 3739 et
680 3693 741 3765 alitis
752 3692 832 3738 arratri¹
846 3691 856 3696 ’

265 3771 378 3832 Fulgoras
388 3786 452 3836 nuuc
461 3770 591 3823 terrificos,
605 3769 767 3828 sonitumque,
779 3776 926 3826 metumque,

264 3847 395 3894 Miscebaut
410 3846 489 3908 operi,
505 3845 651 3906 flammisque
662 3843 801 3904 sequacibus
812 3843 867 3888 iras.

128 3985 257 4040 audacior
267 3986 393 4057 Virgilius
403 4028 411 4052 ‚
426 4005 467 4038 res
479 3984 625 4038 admodum
637 3983 777 4036 dissimiles
787 4002 839 4035 una
856 3983 1025 4047 commiscet,
1036 3980 1099 4031 alias
1114 3976 1195 4029 sensi·

129 4071 176 4122 bus
194 4070 343 4142 subjectas,
364 4068 455 4141 quales
467 4071 547 4120 imbn's
563 4070 661 4128 radios,
671 4070 809 4136 flammas,
829 4079 879 4119 etc.
898 4065 961 4119 alias
982 4082 1043 4117 vero
1062 4063 1153 4114 inanes
1170 4069 1196 4109 et

129 4153 306 4225 incorporeas,
318 4155 409 4225 quales
419 4169 506 4206 metum
518 4166 544 4206 et
555 4157 612 4204 iras.
