2859 4975
331 373 744 461 inconnurrcom
766 381 852 444 Lm.
876 381 941 443 lx.
1109 403 1172 466 229

21 547 23 598 ,ς
143 511 311 578 Montibus
329 514 362 576 in
380 514 494 577 celsis:
513 513 571 577 nbi
584 529 675 579 vasta
692 513 850 578 Ceraunia
866 514 900 576 in
917 513 1010 576 astris

141 631 346 718 Erumpunt,
361 627 491 693 flamma
508 629 595 694 lovis
612 629 769 717 exagitata
783 627 970 716 frequenti:

143 744 236 808 Unde
254 743 366 808 datum
385 759 481 808 vastae
496 745 571 832 rupi
588 767 648 831 per
664 746 779 809 saecula
798 765 932 813 nomen.
1146 760 1171 797 ⁵⁵

184 861 299 942 Quum
315 857 460 948 primum
476 861 648 950 peregrina
664 883 757 925 novae
772 883 889 931 manus
904 859 1030 950 appulit
1043 881 1126 939 ore,

141 976 294 1040 Certatim
313 975 412 1040 nectit
427 976 574 1066 gaudens
590 977 768 1040 retinacula
785 991 879 1039 terne

21 1077 23 1116 ἔ
140 1093 280 1180 ΗγῙΙθθθ,
296 1115 362 1180 qua
378 1093 467 1180 pube
482 1091 637 1180 frequens
654 1093 876 1180 supereminet
891 1114 1003 1179 aequor

21 1219 23 1306 j
140 1207 266 1288 lnsula3
286 1222 320 1270 at
335 1207 463 1294 Hyllees
477 1205 685 1270 venientibus
704 1206 801 1271 obvia
816 1206 945 1270 Colchis

139 1323 235 1411 Signa
251 1323 362 1386 ferunt
376 1323 529 1411 pacisque
547 1339 658 1388 notas:
677 1323 719 1386 ab
735 1323 887 1411 Apolline
907 1321 1013 1402 dona,

139 1437 251 1519 Quum
268 1437 353 1526 leget
368 1438 426 1501 has
442 1460 533 1521 oras,
555 1455 652 1526 atque
671 1439 735 1502 alta
749 1436 872 1502 secabit
887 1439 1004 1518 Iason,

137 1553 260 1615 Fatales
276 1522 522 1640 tripodes-terra
540 1575 749 1639 quacumque
767 1551 926 1631 locentur,

124 1641 191 1730 'sie
209 1666 317 1730 Clario
334 1666 477 1731 dictante
492 1666 572 1748 deo,
587 1689 755 1756 possessor
770 1667 812 1730 ab
828 1667 923 1730 hoste

22 1835 23 1846 2
136 1782 295 1844 Vincetur
312 1803 493 1870 nunquam.
510 1782 600 1864 Quin
618 1783 734 1848 Phoebi
750 1803 888 1846 munere
903 1781 979 1844 felix

22 1899 23 1906 ’
136 1895 235 1960 Nunc
251 1897 347 1960 etiam
364 1896 489 1979 diversa
507 1898 598 1980 latet,
617 1899 803 1985 fruiturque
819 1919 933 1960 serena

136 2012 216 2074 Pace
235 2014 323 2076 ferax
339 2013 448 2102 regio,
472 2012 664 2076 mortalibus
682 2013 769 2076 invia
785 2011 922 2075 cunctis.

135 2126 210 2189 Non
227 2128 362 2215 Hyllum
377 2150 487 2216 regem
503 2128 691 2208 inveniunt,
712 2150 812 2216 quem
827 2125 938 2215 AEgeis
949 2124 1080 2188 amanti

136 2241 253 2306 Alcidae
269 2239 396 2330 peperit
410 2243 521 2306 Melite
534 2242 704 2306 Phaeacide
721 2258 824 2324 terra3

21 2389 22 2444 χ
135 2357 193 2421 Cui
208 2357 343 2422 vixdum
359 2358 504 2446 pubente
523 2379 607 2448 gena
621 2359 707 2422 culta
722 2359 829 2422 inertia
844 2357 975 2423 sordet:

137 2471 267 2562 Quippe
285 2472 345 2537 feri
363 2473 487 2562 regitur
504 2474 565 2538 sub
583 2491 669 2539 nutu
684 2498 794 2564 pressa
806 2472 938 2563 tyranni

134 2588 326 2670 Nausithoi3
345 2610 434 2652 mare
449 2588 508 2653 sed
524 2590 671 2653 Cronion
690 2590 888 2679 penetravit,
906 2612 1005 2678 agens
1022 2588 1089 2651 huc

135 2700 325 2790 Indigenam
342 2703 519 2789 populum,
535 2718 568 2767 et
582 2702 725 2768 Phaeacis
741 2704 860 2767 robora
878 2719 981 2767 terrae.

133 2815 285 2880 Succedit
300 2838 377 2880 mox
393 2799 592 2900 Nausithoo,
609 2840 709 2906 quem
728 2819 910 2908 agrestibus
926 2818 1024 2882 armis

134 2932 298 3010 Mentores
315 2931 471 3007 occidunt
485 2956 546 3021 pro
562 2934 663 3022 captis
679 2957 768 2998 arma
782 2933 943 2997 ferentem

133 3046 173 3107 Et
191 3060 453 3134 propugnantem
470 3048 562 3135 regni
581 3070 639 3111 sua
658 3048 731 3128 jura
745 3048 905 3129 juvencis.

176 3159 283 3251 Dicite
300 3160 460 3243 Pierides,
478 3185 619 3250 quanam
637 3162 764 3227 ratione
782 3186 842 3251 per
859 3186 950 3227 oram

21 3292 22 3321 t
137 3275 333 3356 Ausoniam,
350 3291 535 3365 terramque
552 3275 740 3366 Ligustide,
762 3276 948 3341 Stoechades
964 3293 999 3341 et
1010 3300 1083 3364 qne

21 3404 22 3409 ’
133 3390 311 3471 Dicuntur,
327 3390 419 3479 signa
436 3392 593 3481 Argolicae
611 3392 677 3456 sint
692 3407 782 3456 certa
797 3392 925 3457 carium

21 3572 23 3595 ζ
133 3504 218 3568 Utile
235 3503 327 3592 quod
343 3503 436 3570 duxit
451 3506 598 3595 Minyas,
613 3506 696 3595 quid
711 3506 801 3571 abire
820 3508 928 3596 coegit

21 3600 22 3675 i
133 3619 213 3682 Tam
230 3619 328 3707 longe
343 3620 378 3682 in
394 3620 502 3684 Latios
520 3620 620 3698 fines,
646 3638 813 3710 terrasque
829 3621 996 3711 repostas?

133 3735 186 3797 An
202 3733 289 3797 Jovis
305 3734 353 3798 ira
368 3735 444 3801 tulit
459 3735 585 3800 fedatis
601 3736 741 3824 turpiter
754 3736 818 3801 aris

133 3847 227 3911 Caede
244 3847 336 3912 ducis
351 3850 483 3931 Colchi,
506 3867 604 3939 atque
620 3850 710 3915 AEeae
726 3852 862 3941 virginis
878 3853 985 3917 ausu?

133 3964 183 4026 An
201 3963 285 4026 lavet
300 3980 338 4027 ut
351 3964 503 4055 Nymphe
517 3968 689 4031 commissa
702 3967 845 4055 piacula,
867 3987 1020 4057 quaerunt

133 4079 272 4161 ltaliam,
289 4078 447 4169 sedesque
463 4081 545 4164 deae,
562 4082 685 4147 Circeia
703 4083 829 4173 regna?
