2859 4975
268 407 686 504 Ancouaurtcon
718 401 807 465 tte.
831 391 934 457 v111.
1078 395 1141 460 ¹99

113 583 201 662 Quos
218 569 309 637 videt
325 555 537 651 agnoscitque
552 548 710 618 fremens3
730 530 830 598 maria
847 521 943 588 obvia
961 529 1076 594 contra

113 696 264 777 Saevaque
279 691 403 772 pugnat
416 671 540 746 biems,
554 671 709 742 totusque
727 650 762 712 in
778 640 899 708 vertice
916 643 1050 724 pontus.

114 801 275 874 Abscessit
290 791 441 868 tandem,
452 797 600 866 vanaque
618 766 741 836 recedit
754 761 795 826 ab
813 759 881 836 ira,

114 928 152 990 Et
169 933 262 986 tanta
282 911 323 976 de
339 904 430 973 clade
445 897 538 976 ratis;
554 893 638 956 latus
656 880 734 948 inde
749 874 918 940 sinistrum
1110 873 1148 927 ³7⁵

117 1037 359 1114 Adversamque
377 1013 492 1108 procul
511 1009 634 1072 Peuces
652 995 796 1061 defertur
813 988 847 1049 in
865 1002 956 1048 oram

400 1131 491 1196 mino
508 1143 583 1187 nam
601 1109 764 1180 scinditur
781 1100 888 1166 insula
902 1094 988 1162 flexu

120 1158 204 1218 Cum
224 1143 341 1221 sociis;
359 1157 398 1225 ge

117 1261 283 1334 Danubii:
297 1257 359 1319 hac
378 1245 505 1311 dudum
521 1234 642 1320 Minya
658 1226 864 1312 Pagaseaque
878 1207 996 1300 puppis

119 1388 155 1448 ln
172 1377 314 1444 statione
330 1375 484 1439 manent3
500 1353 588 1418 illinc
606 1340 734 1411 AEetius
750 1337 848 1399 heros

120 1493 258 1563 Obsidet
274 1485 406 1551 adversa
420 1469 558 1540 tentoria
575 1456 729 1526 Thessala
747 1450 846 1515 classe

121 1608 316 1700 Impatiens,
338 1607 522 1686 pugnaeque
539 1579 635 1644 datur
651 1592 721 1636 non
740 1565 807 1629 ulla
822 1571 976 1648 potestas.

123 1729 245 1794 Noctes
263 1730 362 1803 atque
378 1708 448 1773 dies
464 1696 561 1765 vastis
579 1709 668 1755 mare
686 1678 841 1748 fluctibus
858 1673 944 1736 inter

127 1835 286 1915 perfurit,
309 1823 483 1916 expediant
501 1812 606 1877 donec
623 1797 767 1872 Iunonia
782 1812 853 1856 sese

130 1953 289 2030 Consilia,
308 1960 405 2029 atque
422 1934 562 2018 aliquem
581 1918 667 1986 bello
685 1915 767 1978 serat
780 1903 876 1970 anxia
894 1900 1005 1963 finem.

172 2073 214 2136 At
228 2065 349 2150 Minyae
365 2049 445 2118 tanti
463 2051 651 2131 reputantes
666 2028 781 2094 ultima
796 2017 874 2083 belli

292 2190 325 2240 et
342 2165 491 2262 precibus
510 2150 621 2221 cuncti
636 2142 837 2226 fremituque
851 2112 987 2219 fatigant

1007 2267 1020 2302 Ι

124 2406 176 2462 372.
192 2403 305 2446 fremens.
315 2386 354 2434 Sic
366 2381 423 2428 olim
432 2373 519 2423 Sabell.
533 2371 645 2414 tremens.
663 2353 723 2401 lldd.
735 2361 812 2409 usque
822 2343 853 2390 ad
864 2339 945 2385 Heius.
961 2361 992 2369 -
1008 2335 1062 2392 374,
1079 2332 1168 2376 Arm..

93 2486 133 2531 dit.
147 2483 240 2527 bonon.
255 2470 310 2519 cod.
330 2459 445 2513 Abscedit.
465 2451 527 2500 Pius.
541 2471 574 2481 -
593 2441 647 2501 377.
666 2437 722 2481 Cum
732 2428 807 2476 sociis.
818 2422 856 2470 Sic
867 2423 959 2466 bonon.
970 2415 1001 2460 ll.
1019 2413 1093 2471 Quam
1106 2408 1168 2454 socii.

95 2564 148 2612 atis
159 2558 216 2607 edd.
229 2554 352 2602 etbonon.
361 2542 414 2590 cod.
426 2537 457 2584 ad
468 2534 554 2592 Minya
565 2522 701 2571 referentes.
717 2515 761 2560 En.

1125 2016 1163 2057 stt

131 2190 276 2276 Urgent,

97 2774 135 2825 bil
151 2767 335 2841 proiecturum
351 2750 461 2811 videus,
476 2734 614 2793 obsidione
658 2743 752 2787 contra
764 2727 846 2778 classe
860 2738 908 2773 sua
919 2716 1025 2769 censoria
1037 2713 1174 2781 Argonau-

98 2853 200 2921 cingere
212 2836 328 2897 Danubii
341 2831 409 2886 ostia
423 2821 520 2879 statuit.
659 2825 746 2863 tarum
758 2806 787 2857 in
800 2803 878 2855 litore
891 2797 976 2871 posita
994 2794 1097 2848 obsidet,
1111 2806 1174 2859 por-

133 2932 193 2999 372.
209 2926 281 2975 Videt
289 2915 459 2986 agnoscitque,
469 2916 523 2954 tant
531 2907 615 2969 prope
660 2905 743 2961 tuque
752 2883 822 2937 exite
832 2877 956 2952 probibet
967 2874 1068 2927 hostes.
1091 2865 1176 2917 -vi·

101 3010 184 3072 videt,
196 3016 228 3056 ut
246 2998 400 3070 dignoscere
418 2992 510 3039 o'mnes
527 2988 553 3028 et
572 2990 615 3023 ca·
660 2970 757 3023 dentur
780 2963 816 3017 sis
836 2958 873 3012 ad
895 2957 994 3009 calcem
1016 2951 1097 3022 hujus
1116 2943 1178 2999 libri

481 3073 554 3113 aava
571 3070 617 3121 pn·
661 3062 723 3102 nota
736 3044 798 3115 375.
817 3042 869 3093 En.

102 3092 152 3163 pita
169 3096 311 3139 numerare
335 3080 442 3144 posset;
467 3084 480 3115 c

102 3182 183 3240 gaunt
197 3163 268 3214 obvia
282 3176 296 3209 a
312 3154 386 3206 litore
399 3146 509 3200 adverso
523 3134 617 3203 anana,
700 3128 759 3181 382.
778 3121 853 3175 Nihil
872 3118 971 3170 intem
988 3109 1096 3164 remittit
1110 3118 1177 3158 tem.
1278 3144 1284 3149 ‚

105 3246 200 3302 marini
223 3242 340 3297 fluetus,
366 3242 487 3297 saevaque

106 3344 217 3393 totusque
231 3324 256 3371 in
271 3317 375 3371 vertice,
392 3323 471 3379 supra
483 3308 564 3372 ceput
578 3314 620 3349 nc·
656 3290 776 3361 fhsetibas
794 3282 880 3347 inter(
906 3278 912 3288 '

108 3404 268 3470 cumulatus,
273 3409 372 3466 pontus.
666 3371 708 3431 rit,
724 3366 809 3418 donec
821 3364 888 3411 lnn'o
904 3355 962 3426 ipsa
971 3354 1062 3409 anaia,
1078 3350 1183 3399 condlia

142 3488 207 3555 374.
222 3477 348 3532 Abscessit
360 3471 458 3523 tandem
465 3501 474 3525 ,
487 3474 607 3523 vanaque
614 3490 622 3513 ‚
667 3448 804 3517 expediret,
818 3437 1011 3495 manifestaret,
1020 3449 1066 3481 saa
1072 3466 1081 3490 ,
1092 3428 1182 3480 fineen-

110 3565 177 3619 uihil
193 3558 353 3633 profutura,
369 3547 461 3601 recedit
473 3544 505 3592 ab
523 3540 579 3594 ira,
603 3549 627 3584 et
670 3527 829 3602 queisceret
838 3518 902 3570 huic
911 3512 991 3566 bello.

112 3661 181 3698 tanta
194 3640 307 3693 declode
318 3632 387 3684 ratis.
400 3620 505 3673 -Vide
517 3615 550 3670 ad
562 3613 627 3668 calc.
708 3605 835 3675 tet-399.
858 3599 1015 3667 Argonauta
1036 3606 1052 3638 a
1074 3588 1186 3647 iasone,

112 3725 192 3797 hujus
204 3716 267 3772 libri
276 3725 333 3767 not.
346 3712 405 3780 374.
417 3705 471 3755 En.
674 3697 704 3738 ut
724 3682 848 3738 Medeam
863 3674 967 3735 tradat,
980 3668 1124 3742 postulant.
1138 3667 1187 3715 Mi·

148 3801 212 3873 375.
223 3799 311 3851 Nares
322 3784 460 3845 coustituit
472 3778 507 3832 ad
520 3776 631 3829 alteram
677 3786 734 3833 aare
743 3765 817 3822 tana,
829 3772 885 3809 tarn
900 3748 1054 3826 periculosi,
1071 3755 1192 3816 reputan-
1375 3773 1379 3784 .

117 3882 208 3935 insule
220 3885 340 3949 partem
351 3868 450 3938 gemino
469 3876 527 3913 narn
541 3853 633 3906 scindi·
677 3859 717 3899 tes
726 3846 812 3896 rdtima
819 3831 1059 3901 ,eventum‚beiii,
1071 3830 1125 3877 nou
1137 3823 1192 3875 sin·
1267 3819 1270 3823 ’

117 3972 268 4012 creterra
286 3949 436 4005 continente
456 3946 580 4010 separata
594 3934 633 3981 in·
679 3926 752 3998 guli,
775 3920 821 3974 sed
844 3916 937 3973 cuncti,
956 3929 1010 3963 non
1032 3905 1193 3966 admonent,

120 4044 174 4092 taio
189 4039 276 4090 Peuce
286 4034 362 4103 flexu
380 4024 496 4075 Danubii.
675 4004 723 4061 sed
740 4013 838 4069 urgent,
861 4010 884 4047 et
904 3994 1018 4062 precibus
1025 3987 1192 4055 fremituque,

156 4118 219 4189 378.
230 4116 288 4167 Hac
301 4111 329 4162 iu
344 4105 428 4159 insula
439 4098 576 4154 stationem
588 4094 636 4144 ba·
678 4078 838 4156 importunis
851 4072 975 4147 precihus
994 4085 1026 4122 ac
1046 4076 1197 4116 murmura·

122 4201 165 4253 bet
176 4200 386 4268 Argonautarum
397 4180 472 4237 navis
483 4198 491 4245 3
511 4178 640 4247 Absyrtus
680 4167 753 4219 tione
762 4161 885 4213 iasonem
890 4153 1018 4222 fatigem.
