2859 4975
200 401 263 486 294
642 397 834 462 ORPHEI

244 529 368 593 Divinae
386 531 510 593 Lemni.
528 527 636 594 Scelus
658 531 723 594 illic
740 486 817 595 ausa
834 529 1011 593 nefaudum

243 644 400 708 Foeminei
417 644 520 708 rabies
538 643 605 707 odii
621 645 741 727 jurata,
758 645 889 708 maritos

244 759 351 822 Exitio
369 758 476 823 dedit:
496 775 544 822 ast
559 759 677 824 deinde
693 760 878 823 volentibus
894 759 971 848 ipsis

244 873 386 960 Imperat
401 873 578 962 Hypsipyle
594 875 720 938 cunctis
738 874 913 938 formosior
929 895 1005 938 una.

286 986 349 1050 Sed
367 987 425 1051 tibi
444 988 523 1076 quid
540 988 650 1051 multis
667 987 804 1051 referam
824 987 884 1051 dea
903 988 1021 1077 Cypria
1040 1003 1165 1074 quanto
1234 1014 1278 1061 ⁴70

241 1102 367 1166 Fecerit
383 1102 458 1192 igne
475 1103 561 1191 gravi
580 1100 782 1191 splendentia
796 1118 929 1189 pectora
946 1118 1095 1167 nostrum

241 1215 457 1280 Lemniadum
473 1217 592 1306 Minyis
609 1218 730 1280 sociare
746 1217 865 1283 cubilia
878 1217 1024 1297 junctis?
1110 1299 1111 1302 Ἴ

240 1332 396 1420 Reginam
411 1333 611 1420 Hypsipylen
628 1331 745 1418 ardens
763 1332 954 1420 compressit
973 1332 1091 1414 Iason;

242 1437 301 1509 Ast
317 1445 391 1508 alias
408 1444 478 1528 alii;
494 1446 597 1534 pelagi
617 1467 678 1509 nec
696 1468 774 1509 cura
790 1444 954 1510 manebat.'

242 1562 355 1623 Donec
372 1567 424 1622 me
442 1559 549 1624 tardos
565 1560 675 1623 animo
690 1559 880 1649 indignante
897 1581 1058 1640 recessus,

241 1676 284 1738 Et
300 1674 433 1738 monitis
448 1666 605 1738 miscente
621 1675 745 1756 minas,
764 1674 953 1738 referuntur
966 1673 1008 1738 ad
1023 1678 1111 1764 Argo

240 1789 389 1879 Remigio
406 1789 538 1870 intenti,
558 1790 667 1878 patriae
679 1801 819 1878 'quoque
836 1813 913 1854 cura
932 1789 1067 1853 subiret.

289 1904 356 1968 Sub
372 1902 479 1982 lucem
498 1905 648 1994 Zephyro
664 1905 801 1993 puppim
817 1905 954 1968 feriente
970 1925 1105 1982 sereno,

239 2020 468 2108 Hellespontus
484 2020 602 2102 habet,
621 2043 747 2108 nosque
763 2035 850 2083 arcta
867 2019 1023 2107 relinquit
1037 2016 1184 2106 Abydos.

147 2137 149 2148 '
240 2133 439 2197 Dardanium
456 2153 475 2197 a
492 2133 627 2215 dextris,
641 2136 800 2223 Pityeque
819 2151 903 2216 erat,
922 2134 1006 2198 Ilion
1021 2133 1152 2220 ingens,

239 2247 378 2310 Pulcher
393 2247 451 2310 ubi
465 2245 604 2336 AEsepus
621 2249 797 2330 Percoten‚
813 2246 1087 2334 Abarniadanque

195 2357 197 2376 '
239 2361 421 2449 Frugiferas
438 2378 539 2424 terras
555 2361 802 2450 splendentibus
818 2361 910 2424 alluit
931 2359 1039 2424 undis.
1067 2393 1073 2404 ’

187 2465 190 2471 ’
238 2477 323 2539 Laeta
341 2475 505 2540 ferebatur
522 2476 625 2545 ventis
643 2475 854 2541 stridentibus
873 2479 972 2565 Argo.

238 2593 343 2678 Atque
360 2592 418 2654 ubi
434 2591 500 2671 jam
515 2591 592 2654 litus
610 2592 884 2678 compressimus,
897 2592 967 2680 ipse
983 2589 1134 2679 magister

238 2704 416 2769 Haemoniae
434 2691 570 2793 puppis,
588 2705 685 2768 simul
703 2707 918 2793 etpraecelsus
932 2707 1046 2785 lason,

238 2822 346 2906 Atque
363 2842 428 2881 una
444 2816 563 2907 Minyae
580 2820 695 2907 reliqui
709 2836 924 2883 monumenta
936 2820 1090 2884 Minervae

239 2934 356 2997 Erecto
373 2931 532 2997 aedificant
550 2956 645 3014 saxo,
663 2935 902 3023 pulcherrimus
921 2932 1009 2998 uude

239 3048 350 3112 Manat
364 3047 404 3110 ab
421 3048 556 3111 Artaciae
573 3048 801 3136 Nympharum
819 3070 953 3111 munere
970 3070 1106 3141 gurges,

240 3163 334 3225 Dona
349 3162 428 3244 deae,
446 3162 601 3249 quoniam
618 3184 677 3250 per
694 3184 834 3226 concava
850 3162 944 3225 litora
960 3162 1056 3249 ponti

239 3276 505 3366 Hellespontiacis
521 3278 617 3341 facies
634 3278 740 3340 arrisit
756 3278 790 3339 in
807 3276 915 3342 undis.

238 3394 280 3455 Et
296 3392 386 3455 nullo
405 3392 583 3474 introrsum
601 3392 696 3455 motis
715 3392 867 3479 aquilone
882 3392 1050 3479 procellis,
1082 3403 1085 3405 ’

238 3505 390 3571 lactanda
406 3506 440 3568 in
459 3488 582 3570 medios
596 3529 662 3569 non
677 3506 746 3570 haec
761 3506 825 3569 fuit
841 3528 959 3570 ancora
977 3504 1111 3589 fluctus,

238 3623 456 3709 Porrectoque
474 3621 537 3684 illic
556 3621 695 3684 tentoria
713 3622 809 3685 litore
828 3620 946 3709 figunt,
1008 3664 1011 3671 -

238 3737 279 3799 Et
294 3738 404 3825 pransi
419 3742 604 3823 exspectant
622 3737 779 3800 venientis
796 3752 939 3823 tempora
958 3759 1066 3801 coenae.

237 3853 371 3939 Jamque
388 3851 636 3931 recumbebant,
653 3852 742 3917 venit
762 3875 863 3939 quum
883 3852 1017 3940 Cyzicus
1034 3853 1148 3934 heros,
1220 3871 1261 3921 tos

238 3968 378 4053 Imperat
395 3964 449 4025 hic
462 3964 550 4051 genti
570 3964 800 4051 Dolopumque
816 3964 1120 4052 Perictionumque,

239 4081 334 4145 AEnei
353 4102 463 4141 carum
480 4080 615 4166 pignus,
634 4102 731 4166 quem
748 4080 811 4145 filia
828 4080 903 4142 clari
