2859 4975
275 470 337 534 ψ
704 447 909 540 ‘oneum

319 581 401 642 Cum
418 577 540 641 eithara
563 593 694 665 argutos
710 578 844 642 Chironi
862 601 1029 669 opponere
1043 595 1168 646 cantus.

245 695 248 702 ’
317 698 358 758 At
377 692 458 756 mihi
474 714 542 755 non
557 691 631 756 ideo
647 715 836 781 persuasum
856 710 924 759 est:
946 717 1086 782 namque
1101 695 1224 758 rubore

316 808 471 885 Perfusus
485 806 612 887 juvenis
630 808 714 870 senis
727 809 864 872 aemulus
880 831 949 873 esse
962 808 1104 888 verebar,
1303 827 1338 871 tus

315 923 388 1009 Ipse
406 944 504 984 senex
520 920 626 984 donec
645 923 779 1009 cupiens
795 939 993 1010 cantansque
1009 917 1115 1011 coegit
1276 901 1279 906 Ι

261 1031 265 1037 ’
315 1035 457 1098 Invitum
478 1035 608 1098 alternis
626 1034 767 1098 modulis
788 1034 986 1100 contendere
1004 1036 1137 1100 Chiron.

358 1150 525 1238 increpuit
540 1150 630 1237 prior
645 1172 723 1239 ergo
739 1147 807 1238 lyra
820 1152 1001 1215 Centaurus
1015 1151 1155 1232 eburna,

315 1267 488 1352 Quamque
505 1265 571 1328 suis
590 1281 717 1354 gestans
734 1265 883 1328 manibus
901 1265 1045 1354 porrexit
1058 1265 1211 1329 Achilles.

315 1381 357 1443 Et
372 1380 475 1461 canit,
495 1394 532 1442 ut
556 1378 678 1442 fuerint
695 1400 762 1440 non
782 1401 877 1466 aequo
900 1395 1001 1441 marte
1019 1379 1142 1443 feroces
1303 1399 1337 1441 tw

312 1497 338 1558 A
354 1494 495 1581 Lapithis
509 1493 595 1572 justa
615 1492 769 1556 Centauri
789 1508 894 1555 morte
913 1492 1089 1581 perempti,

313 1610 355 1673 Et
371 1625 493 1672 temere
507 1606 640 1671 Alciden
657 1629 755 1670 ausos
771 1607 952 1695 irrumpere
970 1624 1084 1671 contra

313 1725 352 1787 In
372 1721 498 1787 Pholoe
515 1721 693 1810 pugnasse,
720 1743 812 1786 mero
828 1709 965 1786 faciente
984 1723 1120 1786 furores.

357 1840 414 1902 Ast
432 1859 493 1928 ego
510 1853 600 1918 tum,
615 1837 737 1900 cithara
752 1852 825 1925 post
841 1837 932 1901 illum
948 1860 987 1900 ex
1003 1836 1118 1900 ordine
1131 1825 1275 1926 sumpta,

268 1993 271 2000 ,
312 1950 505 2016 Mellifluum
522 1972 677 2015 resonans
692 1950 785 2014 emisi
808 1966 940 2040 gutture
959 1966 1101 2016 cantum.

312 2066 477 2155 Nigrantis
494 2082 573 2130 tunc
590 2088 668 2153 ergo
683 2065 792 2129 Chaus
808 2064 1015 2153 praediximus
1030 2064 1208 2154 hymnum,

313 2183 357 2247 Ut
374 2205 528 2247 conversa
540 2183 714 2261 elementa,
732 2182 893 2271 polusque
907 2183 1056 2270 apparuit
1070 2183 1225 2266 horrens,

318 2297 483 2385 Quodque
506 2319 608 2385 genus
629 2296 724 2359 vastis
743 2295 855 2378 terris,
873 2297 1042 2386 pelagique
1057 2297 1275 2385 profundum3

313 2412 457 2476 Consilio
477 2427 515 2474 ut
532 2408 676 2499 prudens
697 2426 795 2498 atque
819 2410 1061 2498 antiquissimus
1077 2401 1195 2475 horum

311 2530 435 2591 Cuncta
454 2549 515 2589 suo
531 2514 694 2613 generavit
712 2547 815 2606 amor,
834 2527 968 2590 secrevit
986 2544 1018 2591 et
1038 2529 1123 2617 ipsa;
1298 2557 1332 2597 n·
1396 2517 1408 2714 ⁴

311 2644 554 2729 Saturnumque
571 2662 718 2730 gravem,
738 2641 922 2729 summique
938 2658 976 2705 ut
993 2642 1134 2731 denique
1149 2644 1215 2707 caeli

263 2774 266 2783 ’
310 2746 475 2842 Excepere
492 2755 603 2817 lovem
621 2754 737 2843 regalia
753 2770 877 2841 sceptra
895 2770 1074 2819 tonantem.

311 2868 555 2957 Cantabamque
574 2890 676 2956 genus
693 2868 916 2949 juvenum‚'et
932 2868 985 2948 jus
1002 2892 1101 2935 omne
1116 2870 1269 2953 deorum,

311 2985 496 3073 Pugnacem
513 2983 694 3063 Bacchum,
712 2998 745 3045 et
763 2982 905 3047 crudelia
925 2983 1008 3047 facta
1028 2984 1217 3073 Gigantum.

310 3098 456 3163 Mortalis
474 3120 572 3186 super
591 3097 660 3161 haec
674 3096 848 3160 hominum
868 3112 1042 3162 memorata
1061 3122 1205 3189 propago
1294 3123 1328 3168 ns

310 3215 368 3278 Est
391 3214 490 3297 mihi,
509 3230 542 3276 et
557 3228 733 3301 angustum
749 3213 886 3275 veniunt
905 3229 1030 3277 cantata
1045 3236 1104 3302 per
1119 3231 1265 3299 antrum,

310 3328 492 3393 Praedulces
511 3329 635 3415 plectro
653 3326 809 3405 reddente
827 3348 887 3414 per
902 3327 983 3390 atria
998 3349 1112 3408 voces,

310 3442 517 3530 Obstupuere
536 3440 641 3526 apices
660 3439 899 3526 montisqueet
916 3441 1004 3503 vallis
1026 3462 1125 3530 opaca

310 3557 480 3635 Pelionos,
504 3574 708 3641 quercusque
729 3552 799 3615 altae
818 3550 858 3615 de
876 3554 1018 3617 carmine
1033 3572 1131 3619 motae

309 3669 479 3735 Convulsis
503 3683 679 3756 properant
697 3666 738 3730 ad
756 3689 826 3730 eam
843 3667 1005 3732 radicibus
1023 3670 1148 3751 aulam,
1209 3657 1214 3660 ’
1290 3689 1324 3733 tto

308 3784 496 3869 Auditoque
512 3782 587 3844 ferae
605 3798 721 3861 cantu,
739 3798 901 3869 petraeque
916 3799 1094 3871 strepentes

308 3899 476 3986 Speluncae
501 3896 628 3958 stabant
646 3894 821 3977 informes,
846 3896 974 3984 agmine
996 3898 1091 3961 facto.

307 4011 494 4096 Quinetiam
512 4009 602 4071 fessis
620 4008 744 4071 stabula
760 4008 801 4071 ad
820 4010 1009 4073 Centaurica
1026 4011 1158 4099 pennis,

306 4129 583 4211 Immemoresque
608 4123 657 4186 sui
677 4121 746 4185 nidi
768 4144 884 4187 venere
901 4124 1059 4188 volucres.
