<?xml version="1.0" encoding="UTF-8"?>
<!DOCTYPE html PUBLIC "-//W3C//DTD XHTML 1.0 Transitional//EN"
    "http://www.w3.org/TR/xhtml1/DTD/xhtml1-transitional.dtd">
<html xmlns="http://www.w3.org/1999/xhtml" xml:lang="en" lang="en">
 <head>
  <title>
</title>
<meta http-equiv="Content-Type" content="text/html;charset=utf-8" />
  <meta name='ocr-system' content='tesseract 3.04.00' />
  <meta name='ocr-capabilities' content='ocr_page ocr_carea ocr_par ocr_line ocrx_word'/>
</head>
<body>
  <div class='ocr_page' id='page_1' title='image "bibliothecaclas119lemagoog_0335.png"; bbox 0 0 2859 4975; ppageno 0'>
   <div class='ocr_carea' id='block_1_1' title="bbox 112 529 1174 552">
    <p class='ocr_par' dir='ltr' id='par_1_1' title="bbox 112 529 1174 552">
     <span class='ocr_line' id='line_1_1' title="bbox 112 529 1174 552; baseline 0.002 -2"><span class='ocrx_word' id='word_1_1' title='bbox 112 529 1174 552; x_wconf 58' lang='lat' dir='ltr'><strong>mmmmmmfflfflfflmmmmmfflm</strong></span> 
     </span>
    </p>
   </div>
   <div class='ocr_carea' id='block_1_2' title="bbox 451 801 830 870">
    <p class='ocr_par' dir='ltr' id='par_1_2' title="bbox 451 801 830 870">
     <span class='ocr_line' id='line_1_2' title="bbox 451 801 830 870; baseline -0.005 0"><span class='ocrx_word' id='word_1_2' title='bbox 451 803 519 870; x_wconf 86' lang='lat' dir='ltr'><strong>AD</strong></span> <span class='ocrx_word' id='word_1_3' title='bbox 550 801 830 870; x_wconf 85' lang='lat' dir='ltr'>LECTOREM</span> 
     </span>
    </p>
   </div>
   <div class='ocr_carea' id='block_1_3' title="bbox 264 1029 1025 1082">
    <p class='ocr_par' dir='ltr' id='par_1_3' title="bbox 264 1029 1025 1082">
     <span class='ocr_line' id='line_1_3' title="bbox 264 1029 1025 1082; baseline -0.001 -1"><span class='ocrx_word' id='word_1_4' title='bbox 264 1031 502 1082; x_wconf 77' lang='lat' dir='ltr'><strong>noussnmus</strong></span> <span class='ocrx_word' id='word_1_5' title='bbox 534 1029 745 1078; x_wconf 65' lang='lat' dir='ltr'><strong>nouimus</strong></span> <span class='ocrx_word' id='word_1_6' title='bbox 780 1031 1025 1082; x_wconf 74' lang='lat' dir='ltr'><strong>nnixlnttsts.</strong></span> 
     </span>
    </p>
   </div>
   <div class='ocr_carea' id='block_1_4' title="bbox 183 1221 1019 2671">
    <p class='ocr_par' dir='ltr' id='par_1_4' title="bbox 183 1221 1019 2671">
     <span class='ocr_line' id='line_1_4' title="bbox 185 1221 840 1304; baseline -0.009 -20"><span class='ocrx_word' id='word_1_7' title='bbox 185 1223 258 1286; x_wconf 78' lang='lat' dir='ltr'><strong>Essa</strong></span> <span class='ocrx_word' id='word_1_8' title='bbox 276 1244 346 1304; x_wconf 87' lang='lat' dir='ltr'><strong>ergo</strong></span> <span class='ocrx_word' id='word_1_9' title='bbox 362 1223 467 1283; x_wconf 86' lang='lat' dir='ltr'><strong>heroas</strong></span> <span class='ocrx_word' id='word_1_10' title='bbox 483 1235 620 1300; x_wconf 84' lang='lat' dir='ltr'><strong>vatesque</strong></span> <span class='ocrx_word' id='word_1_11' title='bbox 636 1221 766 1301; x_wconf 84' lang='lat' dir='ltr'><strong>regentia</strong></span> <span class='ocrx_word' id='word_1_12' title='bbox 781 1221 840 1279; x_wconf 80' lang='lat' dir='ltr'><strong>fata</strong></span> 
     </span>
     <span class='ocr_line' id='line_1_5' title="bbox 225 1328 1019 1406; baseline 0.003 -18"><span class='ocrx_word' id='word_1_13' title='bbox 225 1330 298 1404; x_wconf 87' lang='lat' dir='ltr'><strong>Quis</strong></span> <span class='ocrx_word' id='word_1_14' title='bbox 312 1341 413 1406; x_wconf 85' lang='lat' dir='ltr'><strong>neget,</strong></span> <span class='ocrx_word' id='word_1_15' title='bbox 429 1342 516 1406; x_wconf 86' lang='lat' dir='ltr'><strong>atque</strong></span> <span class='ocrx_word' id='word_1_16' title='bbox 531 1328 624 1398; x_wconf 91' lang='lat' dir='ltr'><strong>acies,</strong></span> <span class='ocrx_word' id='word_1_17' title='bbox 643 1328 898 1406; x_wconf 76' lang='lat' dir='ltr'><strong>magnanimosque</strong></span> <span class='ocrx_word' id='word_1_18' title='bbox 911 1329 1019 1390; x_wconf 77' lang='lat' dir='ltr'><strong>duoes?</strong></span> 
     </span>
     <span class='ocr_line' id='line_1_6' title="bbox 185 1433 948 1513; baseline 0 -19"><span class='ocrx_word' id='word_1_19' title='bbox 185 1436 304 1508; x_wconf 85' lang='lat' dir='ltr'><strong>Flacce,</strong></span> <span class='ocrx_word' id='word_1_20' title='bbox 323 1454 378 1513; x_wconf 83' lang='lat' dir='ltr'><strong>per</strong></span> <span class='ocrx_word' id='word_1_21' title='bbox 391 1433 520 1511; x_wconf 89' lang='lat' dir='ltr'><strong>Elysios,</strong></span> <span class='ocrx_word' id='word_1_22' title='bbox 536 1447 565 1493; x_wconf 89' lang='lat' dir='ltr'><strong>et</strong></span> <span class='ocrx_word' id='word_1_23' title='bbox 580 1446 676 1492; x_wconf 90' lang='lat' dir='ltr'><strong>tecum</strong></span> <span class='ocrx_word' id='word_1_24' title='bbox 690 1433 828 1492; x_wconf 85' lang='lat' dir='ltr'><strong>Thessala</strong></span> <span class='ocrx_word' id='word_1_25' title='bbox 841 1433 948 1513; x_wconf 83' lang='lat' dir='ltr'>pubes,</span> 
     </span>
     <span class='ocr_line' id='line_1_7' title="bbox 223 1539 823 1617; baseline -0.008 -17"><span class='ocrx_word' id='word_1_26' title='bbox 223 1539 404 1616; x_wconf 84' lang='lat' dir='ltr'><strong>Errabatque</strong></span> <span class='ocrx_word' id='word_1_27' title='bbox 419 1539 499 1598; x_wconf 90' lang='lat' dir='ltr'><strong>omni</strong></span> <span class='ocrx_word' id='word_1_28' title='bbox 513 1551 629 1596; x_wconf 83' lang='lat' dir='ltr'><strong>mortua</strong></span> <span class='ocrx_word' id='word_1_29' title='bbox 645 1539 722 1596; x_wconf 88' lang='lat' dir='ltr'><strong>fama</strong></span> <span class='ocrx_word' id='word_1_30' title='bbox 735 1539 823 1617; x_wconf 89' lang='lat' dir='ltr'><strong>polo;</strong></span> 
     </span>
     <span class='ocr_line' id='line_1_8' title="bbox 183 1643 966 1723; baseline -0.004 -16"><span class='ocrx_word' id='word_1_31' title='bbox 183 1651 314 1707; x_wconf 77' lang='lat' dir='ltr'><strong>Haeserat</strong></span> <span class='ocrx_word' id='word_1_32' title='bbox 330 1643 482 1706; x_wconf 83' lang='lat' dir='ltr'><strong>AEsonides</strong></span> <span class='ocrx_word' id='word_1_33' title='bbox 499 1664 565 1703; x_wconf 90' lang='lat' dir='ltr'><strong>cum</strong></span> <span class='ocrx_word' id='word_1_34' title='bbox 583 1657 675 1723; x_wconf 89' lang='lat' dir='ltr'><strong>nupta</strong></span> <span class='ocrx_word' id='word_1_35' title='bbox 687 1643 860 1722; x_wconf 78' lang='lat' dir='ltr'><strong>Absyrtidas</strong></span> <span class='ocrx_word' id='word_1_36' title='bbox 873 1645 966 1718; x_wconf 78' lang='lat' dir='ltr'><strong>inter3</strong></span> 
     </span>
     <span class='ocr_line' id='line_1_9' title="bbox 223 1748 844 1832; baseline -0.005 -21"><span class='ocrx_word' id='word_1_37' title='bbox 223 1758 304 1832; x_wconf 79' lang='lat' dir='ltr'><strong>Argo</strong></span> <span class='ocrx_word' id='word_1_38' title='bbox 320 1772 373 1810; x_wconf 86' lang='lat' dir='ltr'><strong>neo</strong></span> <span class='ocrx_word' id='word_1_39' title='bbox 386 1751 512 1831; x_wconf 86' lang='lat' dir='ltr'><strong>patrium</strong></span> <span class='ocrx_word' id='word_1_40' title='bbox 527 1751 621 1810; x_wconf 81' lang='lat' dir='ltr'><strong>visere</strong></span> <span class='ocrx_word' id='word_1_41' title='bbox 634 1748 749 1810; x_wconf 90' lang='lat' dir='ltr'><strong>Pindon</strong></span> <span class='ocrx_word' id='word_1_42' title='bbox 765 1764 844 1810; x_wconf 85' lang='lat' dir='ltr'><strong>erat:</strong></span> 
     </span>
     <span class='ocr_line' id='line_1_10' title="bbox 184 1855 914 1934; baseline -0.004 -17"><span class='ocrx_word' id='word_1_43' title='bbox 184 1857 301 1918; x_wconf 85' lang='lat' dir='ltr'><strong>Felsina</strong></span> <span class='ocrx_word' id='word_1_44' title='bbox 313 1855 353 1927; x_wconf 91' lang='lat' dir='ltr'><strong>si,</strong></span> <span class='ocrx_word' id='word_1_45' title='bbox 375 1855 449 1914; x_wconf 85' lang='lat' dir='ltr'><strong>vatis</strong></span> <span class='ocrx_word' id='word_1_46' title='bbox 463 1855 579 1934; x_wconf 82' lang='lat' dir='ltr'><strong>genius,</strong></span> <span class='ocrx_word' id='word_1_47' title='bbox 597 1856 735 1914; x_wconf 81' lang='lat' dir='ltr'><strong>nescisset</strong></span> <span class='ocrx_word' id='word_1_48' title='bbox 750 1855 914 1929; x_wconf 86' lang='lat' dir='ltr'><strong>alumnum,</strong></span> 
     </span>
     <span class='ocr_line' id='line_1_11' title="bbox 223 1960 874 2040; baseline -0.009 -18"><span class='ocrx_word' id='word_1_49' title='bbox 223 1961 314 2040; x_wconf 88' lang='lat' dir='ltr'><strong>Cujus</strong></span> <span class='ocrx_word' id='word_1_50' title='bbox 330 1960 369 2020; x_wconf 92' lang='lat' dir='ltr'><strong>ob</strong></span> <span class='ocrx_word' id='word_1_51' title='bbox 387 1960 534 2038; x_wconf 83' lang='lat' dir='ltr'>ingenium</span> <span class='ocrx_word' id='word_1_52' title='bbox 550 1971 606 2018; x_wconf 87' lang='lat' dir='ltr'><strong>stat</strong></span> <span class='ocrx_word' id='word_1_53' title='bbox 617 1964 750 2038; x_wconf 82' lang='lat' dir='ltr'><strong>Pagasaea</strong></span> <span class='ocrx_word' id='word_1_54' title='bbox 763 1972 874 2017; x_wconf 88' lang='lat' dir='ltr'><strong>manus.</strong></span> 
     </span>
     <span class='ocr_line' id='line_1_12' title="bbox 185 2064 994 2148; baseline -0.001 -22"><span class='ocrx_word' id='word_1_55' title='bbox 185 2072 303 2140; x_wconf 87' lang='lat' dir='ltr'><strong>Quanta</strong></span> <span class='ocrx_word' id='word_1_56' title='bbox 316 2071 414 2125; x_wconf 87' lang='lat' dir='ltr'><strong>Venus</strong></span> <span class='ocrx_word' id='word_1_57' title='bbox 430 2064 531 2136; x_wconf 82' lang='lat' dir='ltr'><strong>fuerit,</strong></span> <span class='ocrx_word' id='word_1_58' title='bbox 545 2076 729 2142; x_wconf 85' lang='lat' dir='ltr'><strong>quantusque</strong></span> <span class='ocrx_word' id='word_1_59' title='bbox 744 2064 853 2142; x_wconf 83' lang='lat' dir='ltr'>incepit</span> <span class='ocrx_word' id='word_1_60' title='bbox 864 2066 994 2148; x_wconf 78' lang='lat' dir='ltr'><strong>Apelles²</strong></span> 
     </span>
     <span class='ocr_line' id='line_1_13' title="bbox 223 2170 966 2242; baseline -0.003 -9"><span class='ocrx_word' id='word_1_61' title='bbox 223 2179 308 2234; x_wconf 85' lang='lat' dir='ltr'><strong>Hanc</strong></span> <span class='ocrx_word' id='word_1_62' title='bbox 323 2177 418 2242; x_wconf 86' lang='lat' dir='ltr'><strong>Mars,</strong></span> <span class='ocrx_word' id='word_1_63' title='bbox 434 2171 512 2230; x_wconf 89' lang='lat' dir='ltr'><strong>huuc</strong></span> <span class='ocrx_word' id='word_1_64' title='bbox 526 2170 609 2230; x_wconf 88' lang='lat' dir='ltr'><strong>novit</strong></span> <span class='ocrx_word' id='word_1_65' title='bbox 620 2171 734 2230; x_wconf 80' lang='lat' dir='ltr'><strong>Graecia</strong></span> <span class='ocrx_word' id='word_1_66' title='bbox 751 2170 838 2230; x_wconf 81' lang='lat' dir='ltr'><strong>docta</strong></span> <span class='ocrx_word' id='word_1_67' title='bbox 853 2172 966 2231; x_wconf 85' lang='lat' dir='ltr'><strong>virum:</strong></span> 
     </span>
     <span class='ocr_line' id='line_1_14' title="bbox 184 2275 964 2354; baseline 0 -17"><span class='ocrx_word' id='word_1_68' title='bbox 184 2276 333 2337; x_wconf 88' lang='lat' dir='ltr'><strong>Semideos</strong></span> <span class='ocrx_word' id='word_1_69' title='bbox 347 2278 539 2354; x_wconf 84' lang='lat' dir='ltr'><strong>Flaccumque</strong></span> <span class='ocrx_word' id='word_1_70' title='bbox 555 2276 621 2335; x_wconf 90' lang='lat' dir='ltr'><strong>Pius</strong></span> <span class='ocrx_word' id='word_1_71' title='bbox 632 2275 673 2334; x_wconf 89' lang='lat' dir='ltr'><strong>sic</strong></span> <span class='ocrx_word' id='word_1_72' title='bbox 687 2276 804 2349; x_wconf 85' lang='lat' dir='ltr'><strong>doctus,</strong></span> <span class='ocrx_word' id='word_1_73' title='bbox 819 2289 849 2335; x_wconf 90' lang='lat' dir='ltr'><strong>et</strong></span> <span class='ocrx_word' id='word_1_74' title='bbox 862 2280 964 2337; x_wconf 82' lang='lat' dir='ltr'><strong>Ossam</strong></span> 
     </span>
     <span class='ocr_line' id='line_1_15' title="bbox 222 2381 870 2457; baseline -0.003 -14"><span class='ocrx_word' id='word_1_75' title='bbox 222 2381 326 2452; x_wconf 85' lang='lat' dir='ltr'>Novit,</span> <span class='ocrx_word' id='word_1_76' title='bbox 341 2397 369 2441; x_wconf 88' lang='lat' dir='ltr'><strong>et</strong></span> <span class='ocrx_word' id='word_1_77' title='bbox 384 2395 417 2440; x_wconf 91' lang='lat' dir='ltr'><strong>ut</strong></span> <span class='ocrx_word' id='word_1_78' title='bbox 430 2382 544 2441; x_wconf 89' lang='lat' dir='ltr'><strong>Latium</strong></span> <span class='ocrx_word' id='word_1_79' title='bbox 557 2382 662 2441; x_wconf 88' lang='lat' dir='ltr'><strong>Phasin</strong></span> <span class='ocrx_word' id='word_1_80' title='bbox 678 2395 708 2440; x_wconf 89' lang='lat' dir='ltr'><strong>et</strong></span> <span class='ocrx_word' id='word_1_81' title='bbox 723 2383 773 2441; x_wconf 85' lang='lat' dir='ltr'><strong>illa</strong></span> <span class='ocrx_word' id='word_1_82' title='bbox 785 2383 870 2457; x_wconf 82' lang='lat' dir='ltr'><strong>sciat,</strong></span> 
     </span>
     <span class='ocr_line' id='line_1_16' title="bbox 183 2485 873 2567; baseline 0.001 -19"><span class='ocrx_word' id='word_1_83' title='bbox 183 2485 344 2549; x_wconf 80' lang='lat' dir='ltr'><strong>Tantalidae</strong></span> <span class='ocrx_word' id='word_1_84' title='bbox 363 2490 462 2567; x_wconf 89' lang='lat' dir='ltr'><strong>potior</strong></span> <span class='ocrx_word' id='word_1_85' title='bbox 477 2508 545 2567; x_wconf 89' lang='lat' dir='ltr'><strong>pars</strong></span> <span class='ocrx_word' id='word_1_86' title='bbox 561 2502 607 2546; x_wconf 87' lang='lat' dir='ltr'><strong>est</strong></span> <span class='ocrx_word' id='word_1_87' title='bbox 621 2487 743 2547; x_wconf 84' lang='lat' dir='ltr'><strong>suffecta</strong></span> <span class='ocrx_word' id='word_1_88' title='bbox 760 2504 873 2567; x_wconf 73' lang='lat' dir='ltr'><strong>poetae,</strong></span> 
     </span>
     <span class='ocr_line' id='line_1_17' title="bbox 222 2592 811 2671; baseline 0.003 -20"><span class='ocrx_word' id='word_1_89' title='bbox 222 2599 289 2667; x_wconf 85' lang='lat' dir='ltr'><strong>Qua</strong></span> <span class='ocrx_word' id='word_1_90' title='bbox 304 2592 407 2671; x_wconf 78' lang='lat' dir='ltr'><strong>priscae</strong></span> <span class='ocrx_word' id='word_1_91' title='bbox 422 2593 513 2651; x_wconf 81' lang='lat' dir='ltr'><strong>aetatis</strong></span> <span class='ocrx_word' id='word_1_92' title='bbox 527 2593 620 2671; x_wconf 81' lang='lat' dir='ltr'><strong>gloria</strong></span> <span class='ocrx_word' id='word_1_93' title='bbox 639 2592 713 2653; x_wconf 81' lang='lat' dir='ltr'><strong>victa</strong></span> <span class='ocrx_word' id='word_1_94' title='bbox 723 2593 811 2670; x_wconf 83' lang='lat' dir='ltr'><strong>jacet.</strong></span> 
     </span>
    </p>
   </div>
   <div class='ocr_carea' id='block_1_5' title="bbox 523 2834 761 2901">
    <p class='ocr_par' dir='ltr' id='par_1_5' title="bbox 523 2834 761 2901">
     <span class='ocr_line' id='line_1_18' title="bbox 523 2834 761 2901; baseline 0.008 -2"><span class='ocrx_word' id='word_1_95' title='bbox 523 2834 590 2899; x_wconf 81' lang='lat' dir='ltr'><strong>AD</strong></span> <span class='ocrx_word' id='word_1_96' title='bbox 623 2834 761 2901; x_wconf 90' lang='lat' dir='ltr'><strong>PIUM</strong></span> 
     </span>
    </p>
   </div>
   <div class='ocr_carea' id='block_1_6' title="bbox 578 3011 692 3058">
    <p class='ocr_par' dir='ltr' id='par_1_6' title="bbox 578 3011 692 3058">
     <span class='ocr_line' id='line_1_19' title="bbox 578 3011 692 3058; baseline 0.009 -2"><span class='ocrx_word' id='word_1_97' title='bbox 578 3011 692 3058; x_wconf 80' lang='lat' dir='ltr'><strong>IDEM.</strong></span> 
     </span>
    </p>
   </div>
   <div class='ocr_carea' id='block_1_7' title="bbox 182 3169 1027 3992">
    <p class='ocr_par' dir='ltr' id='par_1_7' title="bbox 182 3169 1027 3355">
     <span class='ocr_line' id='line_1_20' title="bbox 182 3169 1027 3253; baseline 0.013 -26"><span class='ocrx_word' id='word_1_98' title='bbox 182 3173 346 3227; x_wconf 74' lang='lat' dir='ltr'><strong>Massam</strong></span> <span class='ocrx_word' id='word_1_99' title='bbox 361 3170 523 3229; x_wconf 84' lang='lat' dir='ltr'><strong>AEmoniam</strong></span> <span class='ocrx_word' id='word_1_100' title='bbox 542 3169 757 3248; x_wconf 82' lang='lat' dir='ltr'><strong>Nephelaeaque</strong></span> <span class='ocrx_word' id='word_1_101' title='bbox 769 3174 878 3233; x_wconf 80' lang='lat' dir='ltr'><strong>vellera</strong></span> <span class='ocrx_word' id='word_1_102' title='bbox 890 3177 1027 3253; x_wconf 80' lang='lat' dir='ltr'><strong>Flaccus,</strong></span> 
     </span>
     <span class='ocr_line' id='line_1_21' title="bbox 222 3275 812 3355; baseline 0.002 -21"><span class='ocrx_word' id='word_1_103' title='bbox 222 3280 393 3351; x_wconf 85' lang='lat' dir='ltr'><strong>Heroasquo</strong></span> <span class='ocrx_word' id='word_1_104' title='bbox 407 3294 474 3333; x_wconf 88' lang='lat' dir='ltr'><strong>suos</strong></span> <span class='ocrx_word' id='word_1_105' title='bbox 490 3276 609 3333; x_wconf 84' lang='lat' dir='ltr'><strong>fleverat</strong></span> <span class='ocrx_word' id='word_1_106' title='bbox 623 3275 812 3355; x_wconf 80' lang='lat' dir='ltr'><strong>Appidauus3</strong></span> 
     </span>
    </p>

    <p class='ocr_par' dir='ltr' id='par_1_8' title="bbox 182 3380 932 3564">
     <span class='ocr_line' id='line_1_22' title="bbox 182 3380 857 3459; baseline 0.007 -21"><span class='ocrx_word' id='word_1_107' title='bbox 182 3380 307 3439; x_wconf 87' lang='lat' dir='ltr'><strong>Nomina</strong></span> <span class='ocrx_word' id='word_1_108' title='bbox 320 3400 373 3437; x_wconf 86' lang='lat' dir='ltr'><strong>nec</strong></span> <span class='ocrx_word' id='word_1_109' title='bbox 385 3392 501 3457; x_wconf 87' lang='lat' dir='ltr'><strong>poterat</strong></span> <span class='ocrx_word' id='word_1_110' title='bbox 514 3397 615 3459; x_wconf 80' lang='lat' dir='ltr'><strong>regum</strong></span> <span class='ocrx_word' id='word_1_111' title='bbox 633 3381 776 3441; x_wconf 87' lang='lat' dir='ltr'><strong>Bebeidos</strong></span> <span class='ocrx_word' id='word_1_112' title='bbox 793 3386 857 3443; x_wconf 82' lang='lat' dir='ltr'><strong>altae</strong></span> 
     </span>
     <span class='ocr_line' id='line_1_23' title="bbox 221 3485 932 3564; baseline 0.008 -20"><span class='ocrx_word' id='word_1_113' title='bbox 221 3486 275 3544; x_wconf 89' lang='lat' dir='ltr'><strong>Vir</strong></span> <span class='ocrx_word' id='word_1_114' title='bbox 292 3485 391 3543; x_wconf 86' lang='lat' dir='ltr'><strong>Latius</strong></span> <span class='ocrx_word' id='word_1_115' title='bbox 407 3485 517 3564; x_wconf 87' lang='lat' dir='ltr'><strong>patrios</strong></span> <span class='ocrx_word' id='word_1_116' title='bbox 537 3487 585 3545; x_wconf 90' lang='lat' dir='ltr'><strong>vel</strong></span> <span class='ocrx_word' id='word_1_117' title='bbox 602 3506 777 3547; x_wconf 82' lang='lat' dir='ltr'><strong>memorasse</strong></span> <span class='ocrx_word' id='word_1_118' title='bbox 795 3490 885 3563; x_wconf 80' lang='lat' dir='ltr'><strong>lares3</strong></span> <span class='ocrx_word' id='word_1_119' title='bbox 930 3509 932 3514; x_wconf 86' lang='lat'>·</span> 
     </span>
    </p>

    <p class='ocr_par' dir='ltr' id='par_1_9' title="bbox 183 3591 873 3759">
     <span class='ocr_line' id='line_1_24' title="bbox 183 3591 873 3671; baseline 0.009 -22"><span class='ocrx_word' id='word_1_120' title='bbox 183 3595 227 3649; x_wconf 88' lang='lat' dir='ltr'><strong>Tu</strong></span> <span class='ocrx_word' id='word_1_121' title='bbox 248 3591 304 3649; x_wconf 90' lang='lat' dir='ltr'><strong>nisi</strong></span> <span class='ocrx_word' id='word_1_122' title='bbox 323 3611 377 3670; x_wconf 87' lang='lat' dir='ltr'><strong>per</strong></span> <span class='ocrx_word' id='word_1_123' title='bbox 393 3591 489 3650; x_wconf 85' lang='lat' dir='ltr'><strong>Latias</strong></span> <span class='ocrx_word' id='word_1_124' title='bbox 506 3591 576 3651; x_wconf 87' lang='lat' dir='ltr'><strong>isses</strong></span> <span class='ocrx_word' id='word_1_125' title='bbox 592 3594 776 3671; x_wconf 71' lang='lat' dir='ltr'><strong>praestantior</strong></span> <span class='ocrx_word' id='word_1_126' title='bbox 792 3616 873 3670; x_wconf 86' lang='lat' dir='ltr'><strong>oras,</strong></span> 
     </span>
     <span class='ocr_line' id='line_1_25' title="bbox 221 3697 751 3759; baseline 0.008 -4"><span class='ocrx_word' id='word_1_127' title='bbox 221 3701 260 3755; x_wconf 85' lang='lat' dir='ltr'><strong>Et</strong></span> <span class='ocrx_word' id='word_1_128' title='bbox 276 3716 353 3755; x_wconf 83' lang='lat' dir='ltr'><strong>caeco</strong></span> <span class='ocrx_word' id='word_1_129' title='bbox 376 3698 436 3755; x_wconf 89' lang='lat' dir='ltr'><strong>vati</strong></span> <span class='ocrx_word' id='word_1_130' title='bbox 454 3697 505 3755; x_wconf 89' lang='lat' dir='ltr'><strong>lux</strong></span> <span class='ocrx_word' id='word_1_131' title='bbox 521 3710 570 3755; x_wconf 86' lang='lat' dir='ltr'><strong>tua</strong></span> <span class='ocrx_word' id='word_1_132' title='bbox 591 3698 648 3757; x_wconf 83' lang='lat' dir='ltr'><strong>lixa</strong></span> <span class='ocrx_word' id='word_1_133' title='bbox 666 3702 751 3759; x_wconf 85' lang='lat' dir='ltr'><strong>foret.</strong></span> 
     </span>
    </p>

    <p class='ocr_par' dir='ltr' id='par_1_10' title="bbox 183 3803 958 3992">
     <span class='ocr_line' id='line_1_26' title="bbox 183 3803 958 3887; baseline 0.004 -24"><span class='ocrx_word' id='word_1_134' title='bbox 183 3810 330 3881; x_wconf 81' lang='lat' dir='ltr'><strong>Europam</strong></span> <span class='ocrx_word' id='word_1_135' title='bbox 351 3818 437 3881; x_wconf 90' lang='lat' dir='ltr'><strong>atque</strong></span> <span class='ocrx_word' id='word_1_136' title='bbox 453 3803 554 3861; x_wconf 83' lang='lat' dir='ltr'><strong>Asiam</strong></span> <span class='ocrx_word' id='word_1_137' title='bbox 571 3804 690 3863; x_wconf 76' lang='lat' dir='ltr'><strong>vinxisti</strong></span> <span class='ocrx_word' id='word_1_138' title='bbox 707 3826 843 3878; x_wconf 82' lang='lat' dir='ltr'><strong>munere3</strong></span> <span class='ocrx_word' id='word_1_139' title='bbox 862 3808 958 3887; x_wconf 89' lang='lat' dir='ltr'><strong>prisca</strong></span> 
     </span>
     <span class='ocr_line' id='line_1_27' title="bbox 224 3908 925 3992; baseline 0 -21"><span class='ocrx_word' id='word_1_140' title='bbox 224 3910 306 3971; x_wconf 87' lang='lat' dir='ltr'><strong>Secla</strong></span> <span class='ocrx_word' id='word_1_141' title='bbox 324 3908 436 3987; x_wconf 85' lang='lat' dir='ltr'><strong>pudet:</strong></span> <span class='ocrx_word' id='word_1_142' title='bbox 461 3922 559 3967; x_wconf 85' lang='lat' dir='ltr'><strong>nostra</strong></span> <span class='ocrx_word' id='word_1_143' title='bbox 578 3923 621 3968; x_wconf 87' lang='lat' dir='ltr'><strong>est</strong></span> <span class='ocrx_word' id='word_1_144' title='bbox 641 3911 743 3970; x_wconf 82' lang='lat' dir='ltr'><strong>aemula</strong></span> <span class='ocrx_word' id='word_1_145' title='bbox 761 3914 925 3992; x_wconf 85' lang='lat' dir='ltr'><strong>posteritas.</strong></span> 
     </span>
    </p>
   </div>
   <div class='ocr_carea' id='block_1_8' title="bbox 383 4114 888 4151">
    <p class='ocr_par' dir='ltr' id='par_1_11' title="bbox 383 4114 888 4151">
     <span class='ocr_line' id='line_1_28' title="bbox 383 4114 888 4151; baseline 0.002 -2"><span class='ocrx_word' id='word_1_146' title='bbox 383 4114 888 4151; x_wconf 43' lang='lat' dir='ltr'><strong>*qm</strong></span> 
     </span>
    </p>
   </div>
   <div class='ocr_carea' id='block_1_9' title="bbox 0 0 1434 4975">
    <p class='ocr_par' dir='ltr' id='par_1_12' title="bbox 0 0 1434 4975">
     <span class='ocr_line' id='line_1_29' title="bbox 0 0 1434 4975; baseline 0 0"><span class='ocrx_word' id='word_1_147' title='bbox 0 0 1434 4975; x_wconf 95' lang='lat' dir='ltr'><strong> </strong></span> 
     </span>
    </p>
   </div>
  </div>
 </body>
</html>
