2859 4975
1401 30 1403 57 l

283 390 348 457 320
719 387 925 458 curum·
1095 459 1099 464 ,

369 523 483 608 Quum
492 523 672 614 jam-igitur
681 542 798 614 portus
809 527 985 592 intrassent
995 540 1109 616 stagna
1122 523 1348 614 profundunt
1404 506 1405 515 ἵ

321 639 454 704 Alcinoi
471 654 616 727 poscunt
629 661 797 728 praecones
813 642 893 706 atria
914 640 1009 731 regis.

320 754 445 820 Medeae
461 773 568 844 genua
582 777 665 845 aegra
679 757 806 841 labant;
828 757 999 846 pallorque
1018 756 1184 844 timorque

321 871 487 960 Occupat,
504 870 640 934 inritam
654 872 822 938 retrahant
835 893 878 938 ne
893 872 1024 937 vincula
1040 871 1206 955 Colcbon‚

322 985 495 1050 Phaeacum
512 1000 545 1050 et
560 985 656 1050 faciat
672 1009 741 1052 non
760 1003 836 1053 ante
849 987 960 1052 audita
975 1002 1144 1076 tyrannus.

322 1099 387 1166 Sed
403 1123 471 1165 non
487 1117 606 1166 crtncta
626 1125 764 1169 movens
777 1104 850 1168 fore
860 1103 1000 1184 jusserat
1016 1101 1133 1167 ordine
1145 1101 1203 1166 tali
1241 1084 1245 1089 ⁴
1301 1121 1346 1160 1300

324 1217 425 1318 Parca
438 1215 548 1303 prius,
568 1215 663 1280 Peliae
677 1238 776 1305 quam
791 1217 986 1282 funestasset
1000 1207 1171 1296 staulam,

208 1313 213 1338 '
271 1313 276 1330 ¹
323 1330 550 1420 Regnantique
564 1330 625 1418 ipsi
641 1330 738 1402 credis
756 1330 840 1395 foret
853 1347 969 1395 auctor
984 1332 1092 1394 Iason.

322 1448 421 1510 Arete
438 1445 567 1510 Alcinoi
584 1445 743 1529 clemens,
762 1445 972 1534 formosaque
989 1420 1119 1526 conjbx.

322 1561 396 1648 lpse
413 1575 524 1624 autem
539 1559 693 1624 Alcinous
709 1559 788 1625 duci
802 1558 845 1625 de
858 1581 968 1649 puppe
981 1560 1142 1648 puellam,

322 1677 433 1760 Quam
448 1691 598 1765 peterent
614 1675 728 1740 Colchi
741 1691 835 1741 tanto
851 1697 913 1764 pro
926 1676 1065 1741 crimine
1080 1691 1229 1760 sontem,
1307 1685 1349 1724 ¹³⁰⁵

320 1790 528 1879 Restituique
545 1811 607 1854 suo
623 1787 703 1854 dicit
722 1787 843 1854 debere
854 1789 1001 1878 parenti.

321 1905 386 1972 Sed
403 1906 507 1970 morit
526 1905 629 1993 pietas
648 1904 769 1993 reginas
784 1904 908 1969 viscera
922 1904 1027 1987 mitis,

204 2107 206 2118 y
322 2020 570 2108 Admonuitque
589 2019 715 2104 virum,
732 2017 859 2084 blandis
877 2019 1084 2084 sermonibus
1103 2041 1181 2086 usa:

304 2113 308 2120 ⁵
365 2137 530 2219 «Scilicet,
549 2136 724 2218 oconjux‚
742 2134 822 2200 socii
840 2133 915 2202 data
930 2135 1052 2200 foedera
1065 2135 1156 2218 lecti,

322 2253 420 2320 Haud
436 2253 532 2320 dulce
549 2268 598 2318 est
613 2252 748 2318 thalami
763 2252 894 2333 junctas
910 2251 1062 2317 divellere
1078 2231 1240 2336 flammas3
1306 2279 1349 2319 131⁰

322 2372 365 2436 Et
379 2371 510 2459 quoties
527 2369 633 2457 quivis
649 2368 720 2433 haec
736 2368 870 2453 audeat,
893 2369 977 2433 alma
991 2368 1099 2432 Dione

322 2487 423 2554 Irmit
438 2485 540 2575 inque
561 2483 650 2551 viros
664 2485 766 2550 ultrix
781 2484 861 2551 irata
948 2500 1076 2551 matres.

323 2600 425 2687 Quod
440 2601 468 2666 si
481 2598 666 2689 virgineum
680 2614 785 2663 serrat
800 2621 868 2663 non
883 2615 968 2664 tacta
984 2598 1162 2688 pudorem,

287 2754 300 2767 ·
320 2716 459 2807 Naviget
473 2714 515 2779 ad
534 2730 660 2803 patrem
681 2728 714 2778 et
727 2712 850 2801 patrios
864 2712 981 2779 Medea
993 2730 1139 2803 penates.

322 2834 364 2898 At
378 2832 406 2896 si
424 2830 606 2896 concubitu
623 2828 756 2893 foedavit
770 2829 910 2893 claustra
920 2827 1021 2919 jugali
1302 2836 1347 2877 ¹³¹⁵

321 2945 460 3027 Abdita,
482 2947 555 3026 jure
571 2966 633 3009 suo
647 2943 748 3009 ducat
762 2964 974 3031 quocumque
989 2943 1124 3008 maritus
1138 2974 1163 3010 ν.
1413 2985 1414 3018 i

366 3063 420 3129 Sic
431 3061 494 3126 aits
514 3083 551 3125 ac
569 3059 654 3148 regis
669 3059 769 3123 rerba
784 3058 854 3123 haec
871 3056 1049 3147 precordia
1066 3074 1226 3149 tangunt,

215 3194 216 3197 ’
322 3178 430 3264 Atque
448 3174 494 3238 ita
508 3187 627 3238 cuncta
642 3171 709 3236 suis
724 3171 837 3235 statuit
849 3170 1025 3236 decernere
1041 3170 1146 3237 dictis.
1410 3199 1414 3382 ⁴

1413 3387 1414 3430 l

1413 3450 1414 3487 l

1413 3507 1414 3540 l

1412 3761 1414 3788 l

1407 1864 1411 1923 l

367 3292 408 3355 At
421 3289 548 3377 Minyas
563 3310 632 3351 non
648 3285 719 3350 haec
731 3286 825 3350 latuit
840 3286 1019 3351 sententia:
1036 3286 1123 3349 Juno

322 3405 406 3471 Nam
423 3402 534 3468 subito
548 3422 642 3465 servo
658 3398 806 3465 assimilis
822 3397 954 3462 devecta
967 3386 1026 3488 per
1040 3422 1152 3482 auras,
1303 3420 1347 3461 ιω

322 3522 461 3588 Nuntiat
473 3542 629 3587 arcanum
642 3540 734 3607 reges
749 3516 972 3605 quodcunque
985 3518 1125 3606 loquuti.

322 3640 408 3703 'l'um
426 3637 535 3701 subito
550 3610 713 3701 thalamos
726 3630 842 3697 Medea
862 3607 1019 3721 torosque
1035 3656 1148 3723 parare

323 3754 456 3817 Excelsa
470 3752 505 3815 in
522 3750 643 3840 puppi;
656 3749 846 3836 circumque
862 3749 962 3813 aulaea
975 3765 1166 3832 commeant,

323 3868 514 3955 Velleraque
534 3864 636 3930 affixis
657 3863 846 3952 dependent
861 3886 958 3927 aurea
977 3863 1063 3928 setis.
1100 3927 1103 3933 ,

325 3984 503 4071 Postquam
517 3981 617 4070 igitur
635 3980 746 4044 fulcris
762 3980 891 4044 nituere
905 3979 1024 4043 cubilia
1036 3979 1152 4077 lautis,
1302 3989 1346 4029 ¹³²⁵
1413 4005 1414 4072 l

326 4095 545 4186 Conjugiique
565 4116 658 4182 pares
678 4080 815 4157 flammae
836 4093 966 4158 subiere
981 4093 1135 4199 latentes'²
