2859 4975
323 429 364 493 92
628 414 662 474 C.
689 412 885 492 VALEllll
915 413 1085 478 FLACCI

362 523 402 581 ita
423 524 535 581 facilem
555 543 585 580 se
605 523 733 600 praebet,
748 539 781 583 ut
796 539 891 582 totum
910 527 974 604 ipsa
987 528 1136 604 negotium
1150 529 1180 585 in
1199 548 1230 586 se
1245 531 1389 609 suscipere

362 615 437 673 velle
450 615 617 693 promittat,
632 618 761 693 postulat
777 630 888 688 tamen,
909 631 942 675 ut
956 624 1093 676 iasonem
1105 639 1159 696 per
1170 619 1277 678 Iridem
1288 621 1388 698 jubeat

361 709 392 765 iu
409 709 476 766 luco
491 707 529 765 ad
545 707 647 766 urbem
659 708 777 766 adesse.
799 710 853 766 lris
866 708 955 786 igitur
975 714 1127 782 Iasonem,
1145 717 1243 769 Venus
1256 713 1389 771 Medeam
1420 776 1421 785 ,

363 798 438 870 adit;
452 804 530 858 luno
546 801 576 858 iu
590 803 721 860 Caucaso
737 800 868 860 considet
888 814 1001 873 monte,
1019 804 1063 860 rei
1077 817 1214 862 eventum
1238 821 1389 882 exspecta·
1420 798 1421 835 ³

311 933 314 942 ·
361 905 443 965 tura,
458 913 511 966 171
523 926 538 938 -
551 912 616 970 ¹9²·
639 895 759 952 Eminus
773 893 869 952 adhuc
883 896 942 953 vim
960 897 1054 954 exerit
1069 902 1166 955 Venus
1186 899 1217 954 in
1234 897 1388 968 Medeam,

360 1006 425 1064 quae
439 1001 468 1044 et
479 1005 577 1045 secum
589 987 669 1065 ipsa,
682 999 788 1044 etcum
806 993 912 1045 Jasone
926 988 1047 1064 loquens
1060 989 1217 1062 inducitur,
1235 994 1314 1066 193-
1324 1011 1388 1066 ²09·

362 1083 378 1137 J
381 1097 426 1136 am
436 1083 550 1150 Venus,
563 1091 710 1156 assumpta
725 1079 823 1136 Circes
834 1080 928 1138 amitae
940 1080 1049 1156 specie,
1068 1082 1143 1139 lecto
1155 1081 1260 1140 assidet
1268 1084 1389 1155 Medea,

360 1170 512 1247 eidemque
523 1170 560 1228 de
576 1171 653 1228 felici
666 1183 734 1248 post
746 1171 861 1248 longam
876 1170 1036 1229 absentiam
1052 1173 1081 1228 in
1095 1173 1218 1249 patriam
1232 1173 1332 1232 reditu
1344 1177 1390 1232 lae-

287 1273 290 1286 ¹
361 1263 433 1320 tanti
445 1261 565 1334 suadet,
583 1276 616 1320 ut
627 1261 724 1339 patrio
741 1262 804 1319 solo
821 1282 882 1320 sese
894 1263 969 1320 nolit
982 1265 1149 1336 continere,
1163 1267 1252 1324 immo
1268 1287 1325 1324 suo
1341 1269 1389 1325 ad-

346 1355 469 1412 monita
481 1355 616 1432 exemplo
631 1354 700 1411 alias
717 1366 823 1424 terras,
845 1354 871 1412 si
888 1354 929 1412 ita
943 1357 1057 1413 occasio
1072 1357 1158 1429 ferat,
1173 1378 1233 1415 uon
1251 1379 1389 1437 asperne-

360 1460 416 1505 tur.
430 1447 534 1518 «vide,
546 1446 656 1523 inquit,
678 1467 724 1524 me
740 1447 827 1504 Tusci
848 1447 935 1505 maris
955 1449 1098 1526 reginam,
1111 1464 1140 1508 te
1155 1470 1241 1523 vero,
1262 1454 1287 1509 si
1312 1452 1388 1510 domi

360 1539 505 1612 desideas,
516 1559 604 1617 quam
613 1537 715 1597 helluli
726 1554 844 1597 manent
855 1541 952 1617 proci,
964 1543 1116 1614 sarmatae,
1126 1542 1238 1615 Hiberi,
1250 1545 1389 1603 (telonio
1422 1512 1423 1547 i

360 1635 503 1690 aro-236.
520 1659 532 1683 a
541 1637 641 1708 Apage
653 1651 738 1703 vero,
750 1632 908 1710 respondet
921 1632 1040 1704 Medea,
1052 1647 1095 1691 ast
1111 1635 1182 1707 alia,
1195 1636 1296 1694 nescio
1309 1657 1387 1713 quae,

358 1724 474 1783 mordet
489 1725 616 1781 animum
632 1744 718 1795 cura,
731 1744 817 1800 quam
836 1737 868 1782 tu
888 1725 960 1782 mihi
981 1727 1077 1784 levare
1097 1741 1193 1804 potes;
1218 1728 1268 1786 sed
1285 1729 1388 1800 video,
1422 1738 1423 1785 l

358 1830 454 1875 necte
469 1837 555 1894 posse
562 1841 582 1874 υ.
595 1814 709 1889 Quibus
727 1816 812 1875 dictis
827 1817 989 1894 lacrymans
1009 1832 1095 1897 caput
1109 1820 1139 1876 in
1153 1822 1275 1878 Veneris
1292 1823 1389 1879 condit

359 1911 443 1981 sinu,
464 1910 520 1982 237
533 1943 549 1952 -
560 1909 626 1966 253.
643 1909 767 1986 Propius
783 1929 861 1966 nnnc
882 1909 919 1965 ad
934 1928 996 1966 rem
1009 1910 1120 1968 accedit
1131 1917 1246 1983 Venus,
1273 1926 1302 1970 et
1318 1915 1390 1970 iuter

359 2004 431 2062 alios
442 2021 589 2061 sermones
599 2002 660 2060 haec
671 2016 785 2060 narrat:
799 2007 896 2060 «Dum
910 2002 968 2058 huc
978 2001 1153 2074 advolarem,
1164 2003 1225 2062 vidi
1236 2004 1273 2062 ad
1288 2005 1390 2064 urbem
1423 2000 1424 2067 l

359 2097 456 2154 navim
468 2096 578 2167 abitum
594 2109 765 2174 parantem,
780 2116 816 2152 ex
830 2114 888 2171 qua
899 2095 1010 2171 prodiit
1021 2094 1136 2171 juvenis
1152 2095 1389 2168 formosissimus,
1423 2072 1424 2155 i

359 2191 423 2266 qui,
438 2209 528 2266 quum
549 2208 634 2245 unam
656 2207 692 2243 ex
717 2186 871 2244 comitibus
891 2188 947 2244 tuis
968 2207 1015 2245 me
1039 2207 1101 2245 esse
1122 2185 1304 2264 opinaretur,
1334 2211 1388 2248 suae

359 2281 437 2358 apud
452 2295 480 2338 te
493 2278 695 2338 sollicitudinis
709 2280 897 2356 interpretem
912 2299 958 2336 me
975 2279 1069 2338 voluit
1081 2300 1157 2352 esse,
1171 2281 1389 2362 mandavitque,

359 2388 392 2431 ut
412 2374 448 2431 ad
467 2371 606 2430 auxilium
624 2369 680 2428 sibi
700 2370 852 2428 ferendum
876 2372 955 2447 apud
975 2385 1003 2430 te
1022 2371 1243 2430 intercederem.
1264 2373 1389 2446 Addixi,

300 2461 302 2470 ’
362 2479 451 2543 tuque
465 2464 665 2541 noli‚quaeso,
679 2461 766 2521 fidem
779 2463 895 2521 nomine
911 2476 961 2522 tuo
975 2464 1072 2523 datam
1089 2465 1220 2538 fallere»,
1233 2465 1388 2545 254-291.
1424 2511 1425 2518 ,

359 2563 485 2618 Tantum
501 2577 572 2615 vero
589 2556 683 2629 abest,
698 2569 730 2613 ut
750 2556 794 2615 his
815 2572 1033 2617 commoveatur
1052 2560 1173 2631 Medea,
1188 2574 1221 2617 ut
1235 2561 1335 2636 potius
1349 2562 1389 2619 ira
1424 2579 1425 2616 l

359 2653 568 2711 excandescens
584 2651 633 2708 vix
648 2667 751 2707 manus
768 2649 805 2708 ab
820 2651 907 2709 amita
922 2653 1082 2724 contineat,
1096 2670 1180 2709 aures
1192 2653 1331 2710 cervicali
1344 2654 1390 2711 oh·
1424 2701 1425 2704 ,

360 2758 467 2817 struat,
489 2745 620 2821 morique
639 2743 731 2814 malit,
754 2762 842 2820 quam
855 2744 945 2820 impia
963 2745 992 2800 in
1012 2758 1124 2821 patrem
1135 2763 1212 2816 esse,
1226 2764 1283 2820 ²9²
1295 2766 1387 2821 ·²99·

357 2841 469 2895 Perstat
481 2841 598 2908 venua,
610 2834 692 2912 se'qui
706 2856 736 2893 se
748 2834 849 2912 jubet,
860 2851 889 2894 et
901 2838 931 2893 in
947 2836 1040 2913 portis
1053 2837 1215 2913 praestolari
1231 2837 1309 2894 velle
1324 2859 1389 2917 pro

357 2931 446 2991 mittit
463 2930 567 2989 Medea
582 2929 637 2987 sibi
660 2930 775 3002 relicta,
795 2930 1023 3007 primoquidem
1047 2930 1135 2986 domo
1152 2928 1294 2988 excedere
1314 2932 1388 2988 nolle

357 3036 446 3096 certa,
457 3044 525 3081 mox
541 3036 635 3081 tamen
648 3023 787 3081 fluctuare
802 3025 919 3101 incipit,
933 3022 1025 3080 donee
1034 3024 1130 3100 januae
1145 3023 1277 3080 cardines
1291 3024 1388 3081 denuo

357 3128 453 3174 motos
466 3115 567 3173 audire
581 3114 635 3174 sibi
652 3115 778 3187 videtur,
791 3118 944 3173 too-322.
966 3117 1148 3173 Praevalente
1161 3116 1267 3173 sensim
1284 3118 1389 3174 amoris

358 3227 453 3279 sensu,
470 3210 618 3286 penetrale
633 3209 732 3278 intrat,
745 3207 797 3265 ubi
811 3207 1000 3265 medicamina
1012 3207 1138 3265 condere
1152 3207 1273 3280 solebat,
1283 3209 1390 3266 herbas

356 3302 535 3380 quaesitura,
556 3301 661 3380 quibus
676 3303 775 3359 Jasoni
791 3301 910 3357 fortasse
928 3302 1026 3358 utilem
1043 3314 1180 3378 praestare
1194 3321 1314 3379 operam
1327 3322 1391 3379 pos-

358 3396 402 3453 sit.
415 3396 503 3453 Redit
516 3395 724 3473 aliquantisper
736 3392 841 3472 pndor,
856 3413 915 3468 quo
927 3395 973 3463 fit,
988 3409 1020 3450 ut
1031 3392 1086 3451 sibi
1100 3396 1162 3471 ipsa
1177 3396 1256 3454 malit
1271 3415 1386 3452 veneno

358 3501 480 3546 mortem
502 3488 698 3557 consciscere;
723 3506 791 3543 mox
806 3493 902 3544 tamen
923 3489 1084 3563 juventutis
1102 3504 1132 3547 et
1151 3509 1209 3547 suae
1229 3503 1258 3547 et
1276 3491 1389 3547 lasonis

356 3599 477 3651 memor,
496 3594 607 3657 patrem
624 3582 757 3637 incusare
773 3579 888 3657 incipit,
902 3581 953 3658 qui
969 3579 1056 3638 fidem
1071 3582 1181 3659 hospiti
1196 3581 1293 3637 datam
1308 3582 1391 3639 fran-

358 3671 493 3731 dulenter
505 3671 648 3743 fefellerit,
664 3674 720 3729 323
732 3672 820 3740 -346,
838 3678 933 3745 Quam
945 3674 1046 3750 paullo
1064 3687 1130 3730 ante
1145 3686 1296 3749 tantopere
1311 3694 1391 3732 aver-

357 3778 418 3823 sata
432 3777 494 3822 erat
508 3765 627 3836 Circen,
648 3765 724 3821 ultro
736 3766 808 3841 jam,
834 3778 867 3822 ut
884 3768 914 3823 in
936 3767 1081 3824 servando
1095 3772 1200 3824 Jasone
1213 3786 1243 3824 se
1257 3766 1390 3842 adjuvet,

358 3871 454 3934 optat,
474 3852 767 3935 herbasquerpromit
795 3859 1050 3936 exquisitissimas,
1073 3862 1128 3930 347
1143 3893 1158 3902 -
1171 3860 1236 3930 370.
1258 3859 1389 3917 Tandem

359 3948 454 4007 media
465 3962 565 4022 nocte,
577 3953 680 4007 comite
692 3950 883 4028 blandiloqua
895 3956 1017 4023 Venere,
1030 3951 1170 4028 palatium
1184 3940 1324 4027 relinquit
1335 3965 1390 4008 tre-

358 4039 443 4119 pida,
461 4042 497 4099 ad
510 4056 624 4119 portam
636 4042 716 4101 urbis
734 4046 821 4102 semel
835 4043 928 4101 adhue
944 4043 1072 4114 dubitat,
1094 4044 1190 4121 pergit
1207 4056 1301 4099 tamen
1313 4043 1390 4099 inter

358 4146 459 4191 cantus
479 4135 620 4212 magicos,
636 4136 729 4194 donec
746 4138 782 4194 ad
803 4138 899 4194 lucum
922 4137 1017 4205 venit,
1040 4136 1115 4192 unde
1139 4136 1232 4192 statim
1253 4136 1389 4211 provolat

359 4228 462 4300 Jason3
474 4227 665 4303 quofacto,et
678 4230 732 4287 Iris
743 4234 877 4288 ethnus
889 4231 917 4286 in
931 4230 1089 4306 Olympum
1102 4227 1234 4297 redeunt,
1244 4228 1387 4305 371-399.
