2859 4975
421 343 832 478 lnoonlurrons
1089 412 1153 499 317

120 546 160 610 Et
176 543 287 613 densis
303 545 398 610 funes
415 545 498 609 saxis
516 545 761 625 convolvimus3
776 543 867 610 illino

119 660 237 724 Emisit
256 659 377 741 s'ooios,
397 674 431 724 et
446 681 589 747 quarere
604 659 698 747 jussit
713 661 810 723 lason
1104 693 1155 722 noo

120 777 171 840 An
189 775 276 839 colat
292 775 420 863 ignotas
438 790 628 863 semotaque
645 774 741 838 litora
756 791 858 838 terras

120 889 209 954 Gens
226 890 309 970 ulla,
327 906 360 953 et
377 911 484 954 mores
502 889 679 954 hominum
696 911 894 980 cognoscere
912 904 946 954 et
960 869 1090 957 urbemss

118 1005 244 1069 Verum
260 1004 321 1068 illis
335 1026 474 1093 propere
489 1005 697 1070 venientibus
712 1005 809 1082 obvia
823 1003 901 1069 solis

118 1119 221 1201 Filia,
237 1140 336 1206 quam
353 1117 469 1182 dicunt
480 1118 615 1206 proprio
632 1116 673 1184 de
691 1119 827 1182 nomine
844 1118 980 1200 Circen,

119 1232 245 1315 Affuit,
270 1233 372 1298 AEetae
386 1234 474 1315 justo
494 1232 614 1298 sociata
626 1231 748 1321 jugali,
1105 1251 1156 1292 120⁵

120 1349 230 1430 Quam
246 1347 321 1412 tulit
336 1350 495 1436 Asterope
510 1345 694 1436 splendenti
711 1335 902 1437 Hyperione
919 1364 1036 1415 mater.

119 1464 196 1528 Haec
213 1463 314 1551 igitur
331 1485 432 1528 eursu
447 1461 488 1526 ad
501 1462 638 1551 puppim
654 1463 804 1551 pervenit
811 1487 822 1526 ,ε
838 1480 873 1530 at
888 1486 1004 1530 omnes

116 1576 269 1665 Inspeota
284 1592 457 1665 stupuere:
473 1598 566 1664 pares
581 1573 622 1639 de
634 1576 758 1642 vertice
774 1599 908 1642 summo

118 1694 161 1756 Et
178 1691 276 1756 radiis
292 1691 412 1756 similes
432 1690 603 1780 spargebat
619 1713 763 1780 namque
779 1692 928 1780 capillos,

118 1807 283 1871 Emittens
299 1821 404 1896 gratas
427 1804 611 1893 splendenti
627 1827 766 1894 corpore
783 1802 938 1900 llamrnas.

117 1920 245 1986 Verum
260 1919 319 1985 ubi
337 1919 486 1988 Medeam
502 1919 593 1984 tenui
610 1919 770 1984 velamine
786 1935 904 1984 tectam
932 1946 935 1951 ⁴

118 2036 286 2125 Inspexit,
309 2057 453 2123 namque
471 2035 524 2098 illa
542 2054 641 2124 genas
662 2032 792 2120 perfusa
810 2031 931 2102 rubore
994 2059 999 2068 s

118 2151 275 2233 Velabat,
293 2148 471 2237 viridisque
486 2145 581 2211 dolor
597 2161 678 2210 tunc
698 2144 798 2209 corda
821 2145 1008 2233 premebat,

118 2267 172 2333 Sic
187 2267 285 2348 fatur,
306 2264 443 2355 gemitus
462 2277 544 2327 natae
562 2260 713 2326 miserata
727 2261 881 2326 latentes:

164 2379 216 2444 «O
235 2379 372 2460 misera,
397 2377 434 2471 in
449 2383 590 2466 quantos
603 2374 681 2455 jecit
696 2389 729 2440 te
744 2375 862 2465 Cypria
871 2376 996 2469 luctus!
1102 2394 1153 2434 121⁵

119 2494 190 2557 lam
206 2492 333 2557 facinus
346 2507 491 2555 vestrum
509 2513 577 2557 non
591 2490 657 2555 ulla
670 2490 848 2557 aboleverit
864 2506 960 2575 aetas,

122 2603 224 2689 Quod
242 2605 327 2669 senis
345 2605 412 2668 huo
427 2604 585 2693 profugos
602 2604 723 2697 frrrstra
739 2605 897 2695 genitoris
912 2606 955 2671 ab
971 2630 1029 2673 ore

118 2719 218 2784 Nune
232 2720 297 2809 agit
313 2719 356 2784 ob
370 2719 443 2783 eaesi
458 2718 565 2783 fratris
584 2717 760 2787 crudeliter
775 2718 939 2786 umbram.

120 2836 204 2900 Nam
223 2824 331 2922 neque
346 2857 404 2899 vos
420 2834 532 2923 patriis
548 2834 595 2898 fas
612 2852 661 2899 est
678 2834 854 2912 succedere
871 2837 963 2901 tectis

121 2953 268 3017 Pollutos
285 2968 367 3017 tetra
385 2952 509 3040 peccati
527 2953 599 3017 labe
615 2953 771 3035 recentis,

121 3066 163 3131 Ni
176 3068 268 3157 prius
284 3066 426 3131 invisum
441 3065 554 3129 Maleae
568 3065 602 3128 in
619 3060 715 3131 litore
726 3067 816 3146 justa

121 3181 270 3271 purgetis
291 3204 350 3269 per
366 3202 453 3245 saona
470 3179 581 3260 nefas,
599 3178 740 3242 libamen
754 3194 787 3243 et
800 3179 939 3267 Orphei;

121 3301 231 3386 Atque
244 3295 318 3362 ideo
334 3312 460 3360 nostras
480 3317 650 3384 nunquam
667 3317 726 3360 vos
743 3294 847 3359 visere
862 3311 963 3359 terras

121 3411 252 3477 Credite
267 3411 415 3477 turbatos
437 3426 502 3475 tarn
519 3426 602 3476 tetro
619 3408 756 3475 crimine
771 3408 876 3474 sordis
890 3432 899 3491 ;

122 3524 258 3612 Hospita
273 3522 361 3589 dona
378 3539 485 3589 tamen
504 3524 597 3589 vobis
617 3522 763 3589 studiosa
780 3523 922 3612 parabo,

123 3638 166 3701 Et
181 3660 322 3726 panem,
347 3654 380 3702 et
397 3636 515 3703 multas
534 3660 661 3718 earnes,
691 3655 726 3703 et
745 3637 853 3702 dulcia
869 3619 943 3702 vina
956 3668 978 3701 ν.

167 3754 221 3820 Sic
234 3754 296 3836 ait,
320 3770 353 3819 et
366 3770 453 3817 retro
470 3774 624 3817 conversa
641 3768 709 3818 est:
724 3774 800 3817 vasa
815 3750 873 3815 sed
889 3752 992 3841 ipsam

124 3870 162 3932 In
177 3866 319 3933 mediam
335 3868 487 3957 puppim,
503 3882 686 3955 potusque,
703 3844 833 3955 cibique
850 3866 1013 3931 feruntur.

124 3985 166 4048 Et
178 3984 255 4048 tulit
270 3984 349 4048 hino
366 3999 481 4048 ventus
503 4005 660 4073 properos
676 4005 695 4046 a
709 4006 821 4072 puppe
834 3982 1009 4049 secundus.

126 4096 286 4162 Solvimus
305 4096 370 4162 hoe
383 4097 485 4187 igitur
500 4112 609 4161 tensos
628 4095 669 4161 de
687 4096 782 4160 litore
796 4097 913 4179 funes,
1107 4123 1157 4161 nn
