2859 4975
261 462 645 529 ARGONAUTICON
675 462 764 527 LIB.
790 464 852 527 VI.
1058 464 1099 549 59

65 594 206 659 Lenibus
226 593 340 659 alludit
355 594 462 659 flabn’s
479 596 556 661 letis
573 599 705 677 Auster,
720 609 753 661 at
768 596 861 661 illum
1056 615 1096 654 ⁶⁶⁵

66 710 220 775 Protinus
235 710 414 776 immanem
428 712 553 775 misere
568 732 697 775 sensere
711 714 846 794 carinae3

67 828 152 891 Talis
168 826 210 891 ad
225 843 388 891 extremos
403 828 510 917 agitur
521 826 638 891 Medea
653 828 793 892 furores.

67 941 234 1006 Interdum
250 941 376 1007 blandae
393 942 526 1031 derepta
541 943 675 1007 monilia
688 942 770 1007 divae

67 1059 272 1141 Contrectat,
290 1058 475 1146 miseroque
493 1074 582 1147 aptat
597 1054 763 1149 flagrantia
777 1056 882 1141 collo;

68 1173 215 1260 Quaque.
225 1170 314 1237 dedit
330 1186 460 1237 teneros
479 1196 597 1239 aurum
615 1173 729 1238 firriale
744 1194 804 1263 per
820 1186 928 1256 artus,
1059 1195 1099 1246 ⁶70

67 1286 199 1369 Deficit,
213 1310 252 1351 ac
266 1308 324 1351 sna
337 1288 429 1377 tingo
441 1286 509 1351 deae
522 1290 700 1377 gestamina
713 1286 838 1363 reddit,

68 1401 141 1464 Non
158 1400 315 1489 gemmis,
331 1423 399 1464 non
414 1401 468 1465 illa
481 1401 544 1465 levi
558 1400 686 1465 turbata
700 1393 848 1484 metallo,

68 1514 130 1579 Sed
147 1514 294 1597 facibus,
311 1514 367 1579 scd
387 1516 472 1580 mole
486 1516 556 1598 dei,
573 1540 671 1604 quem
688 1524 821 1606 pectore
837 1521 908 1582 to‘to

68 1632 135 1693 lam
152 1646 261 1714 tenet3
282 1646 446 1695 extremus
461 1652 557 1695 roseo
575 1632 684 1719 pudor
701 1636 787 1696 errat
804 1634 839 1695 in
856 1656 923 1697 ore.

67 1747 114 1808 Ao
131 1746 221 1834 prior
237 1746 309 1809 his:
326 1746 504 1810 «Credisne
521 1755 648 1835 patrem
666 1749 825 1836 promissa
842 1748 1014 1830 daturum,
1057 1768 1097 1818 ⁶7⁵

70 1862 99 1924 0
112 1884 219 1945 soror,
232 1862 401 1951 Argolicus
414 1863 467 1926 cui
481 1861 530 1927 dis
543 1863 734 1928 melioribus
745 1864 864 1952 hospes

70 1976 237 2066 Contigit?
253 1992 310 2041 aut
323 1978 400 2042 belli
414 1995 574 2067 quantum
584 1980 649 2059 jam
661 1996 760 2045 restat
771 1980 902 2044 acerbi?

57 2200 108 2249 666.
118 2201 213 2247 Senam
229 2200 295 2247 deest
309 2201 334 2246 in
346 2200 423 2247 Vatic.
432 2201 486 2249 cod.
499 2203 575 2249 Cuma
587 2204 722 2267 miserasque
735 2204 828 2250 cariam¹
839 2206 932 2250 Bonon.
941 2202 996 2249 cod.
1007 2206 1098 2249 Bonou.

36 2282 51 2327 l.
68 2284 143 2327 (bavoe
153 2296 245 2327 sensere
254 2274 347 2328 eanbae.
357 2280 414 2328 stin
424 2298 499 2343 nsque
510 2282 540 2328 ad
552 2283 618 2329 Carr.
629 2310 660 2319 —
671 2284 727 2345 677.
737 2286 769 2332 At
778 2282 839 2330 belli.
848 2282 902 2331 Ald.
912 2300 968 2330 cum
976 2283 1026 2330 Pio.
1038 2284 1083 2330 En.

32 2486 126 2542 delecta
144 2486 227 2542 verba
243 2482 278 2541 ad
293 2498 386 2540 tennes
399 2501 541 2541 ventorum
622 2482 682 2552 670.
700 2486 820 2549 Quaque,
838 2478 1015 2552 ubicumque,
1034 2482 1107 2532 dedit

32 2567 102 2622 flatus
112 2564 319 2640 exprimendos,
332 2565 461 2638 inprimis
474 2571 542 2619 ollu-
586 2576 680 2612 unetos
690 2562 891 2629 wmmfivfalsss
903 2561 1045 2625 ”0⁰in2
1056 2579 1104 2628 W

32 2651 75 2708 dit,
97 2647 175 2719 quasi
196 2648 308 2715 jocatur.
328 2644 458 2699 Eamdem
473 2646 541 2700 ima·
586 2653 670 2702 anus,
681 2643 776 2712 deficit,
792 2652 866 2694 11111111
877 2659 905 2694 ³0
918 2638 1035 2710 p0nltur·

33 2727 167 2796 guncnlam
178 2725 299 2779 invenies
310 2725 382 2796 apud
394 2724 541 2789 Senecam,
622 2724 683 2790 672.
697 2724 815 2782 Mara,
829 2720 921 2772 animo
934 2730 1036 2787 emota,
1051 2738 1101 2771 non

32 2805 133 2878 Thyesl.
147 2806 216 2858 156:
232 2826 264 2857 ac
276 2819 380 2857 tremens
393 2809 485 2858 alludit
493 2825 542 2874 pa·
584 2803 700 2868 gemmis,
710 2821 761 2852 non
768 2803 817 2852 levi
820 2803 934 2860 metallo,
944 2803 991 2852 sed
989 2800 1103 2869 facibus,

32 2891 80 2936 nelis
90 2891 165 2938 arbor
174 2888 281 2938 hiatibus
291 2888 311 2956 ).
587 2883 634 2932 sed
649 2885 727 2941 mole,
745 2878 901 2953 ponderosis
918 2877 1034 2933 flammis
1046 2917 1054 2943 ,
1065 2897 1108 2930 sa-

63 2967 123 3018 666.
147 2968 261 3016 Protinus
288 2967 420 3014 immanem
447 2966 544 3014 miseroe
587 2959 658 3030 gittis
682 2960 852 3023 ardentibus,
871 2962 926 3023 cisi,
942 2957 1104 3030 Cupidinis,

32 3047 252 3104 senserecarinae,
265 3061 328 3095 mox
340 3041 435 3095 infesta
454 3053 480 3095 et
496 3042 543 3094 im·
588 3059 659 3106 quem
669 3054 718 3090 toto
724 3055 824 3111 pectore
829 3043 885 3110 jam
894 3053 970 3091 tenet.
1065 3099 1069 3106 ⁸

33 3141 117 3176 mensa
129 3135 273 3176 ventorum
283 3122 323 3174 vis
336 3119 373 3174 ita
383 3133 505 3192 augetur,
515 3131 545 3173 nt
625 3121 685 3188 674.
696 3123 827 3170 Extremus
847 3139 917 3170 roseo
932 3123 1016 3186 pudor
1039 3133 1108 3168 errat

33 3211 230 3272 navesmergat.
589 3200 614 3249 in
632 3218 692 3260 ore,
714 3199 761 3268 qui
783 3214 912 3270 genarum
931 3207 1010 3250 antea
1024 3196 1106 3249 decor

63 3283 123 3350 667.
140 3282 384 3332 Talisodextremos
396 3279 482 3347 agitur
493 3283 546 3330 Me-
590 3277 676 3330 fuerat
698 3290 857 3352 perpetuus,
875 3279 932 3348 jam
953 3276 1106 3330 inconstans

33 3361 76 3409 dea
85 3363 205 3428 furores,
222 3378 254 3412 eo
271 3357 391 3411 amentiae
409 3356 547 3430 progredi·
590 3370 703 3428 vagatur
713 3399 722 3425 ,
734 3357 831 3411 leviter
840 3356 915 3428 tingit
932 3356 1033 3422 malas,
1046 3374 1108 3409 mox

33 3449 88 3501 tur,
102 3451 133 3491 ut
146 3449 220 3493 extra
232 3457 260 3491 se
276 3435 374 3509 posita,
389 3437 456 3510 quid
470 3451 546 3510 agat,
590 3437 676 3490 omnis
688 3448 838 3491 evanescet.
852 3424 966 3508 Elegans
985 3437 1107 3510 profecto

18 3505 135 3572 'nesciat
273 3529 278 3536 '
486 3581 487 3584 Ἴ
590 3514 713 3589 pictura!

64 3600 125 3651 668.
135 3601 262 3649 laceratam
271 3599 373 3648 blandae
386 3599 487 3665 derepta
496 3617 547 3648 mo·
627 3599 688 3666 675.
698 3597 757 3649 Jatn
769 3612 887 3648 amorem
895 3613 950 3648 non
964 3594 1035 3647 intus
1045 3607 1070 3649 et
1079 3596 1108 3649 in

34 3681 91 3728 nilla
101 3682 111 3748 (
120 3675 278 3747 cingulum,
301 3688 402 3729 cestum
415 3676 546 3742 Veneris,
590 3688 698 3747 pectore
713 3675 850 3740 continet,
863 3671 910 3728 sed
929 3677 1109 3730 communicat

34 3758 75 3828 qui
98 3777 154 3811 non
173 3772 278 3827 semper
292 3765 385 3826 pectus
408 3757 546 3828 cingebat,
592 3773 653 3808 cum
682 3756 806 3810 simulata
836 3768 926 3810 sorore
954 3755 1112 3809 sollicitudi«

34 3835 75 3888 sed
84 3836 168 3891 baltei
179 3836 260 3889 etiam
269 3834 304 3889 ad
318 3836 401 3889 instar
410 3837 444 3889 ab
454 3835 548 3889 bume-
591 3853 670 3902 nem,
688 3855 723 3889 an
732 3834 814 3888 fidem
828 3846 981 3888 servaturus
990 3835 1022 3887 sit
1033 3846 1109 3906 pater

33 3917 66 3967 ris
76 3935 170 3970 versus
187 3915 286 3969 femina
299 3912 484 3968 descendebat.
500 3919 547 3967 Ia·
591 3913 692 3979 laconi,
706 3914 749 3970 cui
760 3926 865 3969 tantum
877 3915 986 3970 debeat:
998 3918 1044 3968 diis
1059 3936 1110 3967 me·

34 4001 93 4056 eobr,
104 3995 251 4050 Animadv.
267 3993 424 4050 adaunot:
436 3996 488 4049 vol.
501 3995 547 4058 11,
592 3995 701 4056 lioribus,
717 3995 837 4068 impense
857 3994 1024 4058 faventibus,
1043 4000 1110 4045 (ἕνα.

35 4088 97 4145 part.
117 4073 152 4139 3,
171 4095 200 4146 p.
224 4074 294 4145 309)
314 4080 376 4128 diver
397 4089 546 4136 commetat,
593 4097 634 4128 eus
649 4065 735 4144 hospes
751 4079 858 4145 contigit
879 4077 963 4149 patri,
980 4087 1007 4128 et
1028 4095 1109 4148 quam

44 4151 151 4206 udendo
163 4154 251 4226 tangit
262 4155 395 4226 primum,
413 4159 549 4226 miseroque
593 4155 691 4227 exiguae
716 4169 858 4228 supersunt
880 4155 944 4208 belli
971 4155 1105 4227 reliquiae!

37 4227 127 4287 deinde
140 4236 355 4306 aptatflagrantia
368 4225 441 4289 collo.
595 4240 692 4303 quantis
707 4257 776 4300 sese,
797 4248 822 4291 et
841 4235 950 4308 quidem
959 4257 1007 4313 pro
1025 4240 1111 4304 ignom
