2859 4975
475 391 861 458 Arconrnrtcr.
1015 482 1018 486 .
1137 399 1201 464 sss

179 524 273 587 Solus
285 524 320 586 in
335 523 485 588 humanis
496 523 569 587 risu
582 522 762 611 penetravit
776 539 884 588 acuto.

178 636 396 731 Consequitur
407 626 587 717 Telamon,
599 635 692 700 tortis
708 652 799 724 peter
812 634 1009 722 AEacus‘illi,

176 750 351 839 Splendida
367 751 422 840 cui
439 749 566 814 nubens
580 748 715 839 AEgina,
732 750 875 837 potentis
888 752 988 840 Asopi
1161 774 1198 811 ‚ss

175 864 272 949 Nata,
289 865 380 931 dedit
393 864 568 953 pulchrum
584 864 752 930 salaminae
766 862 801 926 in
818 863 913 928 litore
928 881 1069 953 parturn.

174 977 311 1048 Martius
330 979 382 1044 his
398 977 516 1044 Idmon
533 977 656 1042 nothus
675 976 911 1042 ennumeratur
921 977 1075 1061 Montis,

87 1074 89 1082 '
175 1091 283 1175 Quem
301 1091 343 1157 de
361 1090 541 1158 concubitu
559 1091 723 1180 generarit
740 1090 899 1178 Apollinis
914 1090 993 1156 olim

173 1207 306 1272 Circum
321 1206 447 1272 divinos
460 1206 606 1271 animosa
618 1204 768 1270 Pheretis
782 1202 910 1269 flnctus.

138 1340 141 1350 ·
172 1319 257 1384 Huic
274 1319 423 1408 prescire
438 1318 547 1401 dedit,
564 1319 642 1384 huic
653 1341 805 1406 promere
817 1340 898 1384 voce
910 1318 1021 1386 futura
1162 1355 1199 1394 190

171 1431 327 1520 Phoebus,
345 1452 385 1500 ut
402 1435 525 1500 utiliter
539 1435 627 1525 genti
643 1434 854 1500 memoranda
869 1436 1032 1524 loquatur.

212 1548 320 1614 Affuit
335 1564 369 1614 et
385 1549 536 1637 linquens
555 1548 706 1636 Opoenta
720 1549 895 1616 Menoetius
911 1572 1036 1641 agnum.

170 1662 305 1728 Vicinus
321 1663 459 1753 Minyis,
475 1662 565 1726 venit
580 1684 712 1750 quoque
728 1661 821 1728 divus
834 1663 956 1729 Oileus.

168 1779 313 1868 Inclytus
329 1779 380 1844 bis
397 1778 509 1843 aderat
522 1775 665 1859 Phlceas,
678 1801 777 1866 quem
791 1793 926 1866 propter
936 1780 1055 1844 amoeni

165 1891 277 1982 JFsepi
294 1893 378 1983 ripas
394 1893 521 1958 Baccho
540 1910 589 1958 est
607 1893 700 1957 enixa
716 1892 842 1980 puella,
1159 1914 1194 1963 195

165 2006 330 2096 insignem
347 2006 515 2093 forma,et
530 2006 683 2094 prudenti
696 2021 830 2095 pectore
845 2006 979 2070 clarum.

165 2119 315 2208 Cepheus
332 2120 469 2186 Arcadia
485 2120 646 2186 concessit
661 2135 694 2184 et
709 2120 778 2208 ipse
795 2119 922 2200 relicta,

164 2234 369 2322 Ancaeusque
382 2256 481 2299 senex
494 2235 616 2298 Euxini
631 2235 672 2298 ad
690 2234 785 2298 litora
801 2235 896 2323 ponti

162 2349 262 2414 lussit
274 2347 315 2412 ab
330 2347 465 2413 Arcadia
479 2365 571 2437 pater
586 2371 653 2412 una
666 2348 822 2413 heroibus
838 2349 897 2413 ire.
907 2327 920 2358 ³

161 2465 224 2531 Hic
241 2463 386 2529 humeris
405 2463 512 2528 nullos
530 2462 642 2529 validis
662 2462 793 2529 induxit
810 2463 968 2543 amictus,

164 2577 230 2644 Sed
241 2578 383 2669 rigidum
396 2578 488 2666 pellis
504 2579 589 2643 latus
602 2598 680 2642 urso
697 2578 777 2642 texit
792 2576 954 2665 adempta.

160 2692 320 2786 Nauplius
337 2693 521 2780 insequitur
536 2693 736 2780 Amymones
752 2714 825 2756 ears
841 2715 1004 2783 propago,

163 2805 272 2888 Quem
288 2806 363 2869 tulit
377 2806 495 2869 illustri
510 2806 667 2894 Neptuno
681 2804 830 2888 subdita,
848 2794 986 2894 pulchro

159 2919 305 3007 Corpore
321 2917 370 2983 dis
381 2920 543 3001 similem,
561 2936 596 2984 et
610 2920 912 3007 praestentirobore
927 2921 1062 2987 clerum.
1175 2998 1179 3002 ,

113 3104 128 3113 „
154 3084 157 3091 .
201 3031 331 3097 Vertice
345 3032 499 3097 Taenareo
515 3032 604 3097 venit
621 3032 813 3099 Meleetidos
831 3036 917 3118 alto,

158 3146 303 3233 Aulonas
317 3146 470 3233 linquens
486 3146 601 3229 simul,
619 3145 862 3236 undisonssque
871 3147 1068 3238 Therapnas.
1128 3170 1134 3177 ·

73 3318 76 3322 .
157 3259 301 3324 Veniret
316 3262 469 3341 Anraeus,
483 3260 538 3324 cui
552 3262 677 3349 cyclos,
690 3261 810 3349 cuique
826 3262 970 3351 planetas

156 3374 259 3439 Nosse
272 3373 404 3457 datum,
424 3391 458 3440 et
473 3376 608 3441 summis
623 3375 714 3463 quod
728 3376 799 3459 iter,
813 3376 1025 3459 Pleuronius,
1040 3380 1151 3461 astris,

40 3482 46 3491 “
155 3490 251 3555 Unde
264 3490 356 3579 quod
374 3507 406 3557 et
419 3513 579 3580 praesens,
602 3509 635 3557 et
651 3516 724 3580 quse
739 3510 874 3558 ventura
889 3493 1036 3560 canebat.

154 3602 283 3669 Deinde
295 3606 509 3671 Paloentonius
528 3607 626 3671 Lerni
639 3607 779 3689 nothus,
799 3623 939 3695 unuque
951 3610 1040 3673 venit
1151 3644 1189 3671 ,ιο

154 3718 262 3784 Laesus
278 3743 373 3785 crura
387 3720 481 3803 licet,
502 3720 707 3809 pedibusque
724 3745 786 3787 nec
798 3722 944 3802 ambulet
958 3725 1076 3810 aequis,
1123 3806 1125 3810 .
1158 3721 1162 3726 ‘

153 3834 368 3923 Vulcanoque
383 3833 458 3899 ideo
475 3836 623 3925 genitum
640 3834 682 3899 de
696 3852 788 3924 patre
804 3836 973 3903 vocabant.
1084 3889 1090 3903 .

153 3949 252 4013 Venit
269 3966 317 4032 et,
333 3950 458 4039 Alphaei
474 3948 570 4037 ripis,
587 3950 735 4038 Pisisque
753 3950 892 4035 relictis,

151 4062 245 4127 Patre
265 4080 353 4129 satus
372 4088 490 4156 magno
513 4067 640 4154 A‘ugeas
660 4065 701 4130 de
721 4066 796 4131 Sole
810 4089 957 4133 corusco.
