2859 4975
291 478 349 518 ιη
417 441 421 450 ’
585 456 619 518 c.
644 453 850 519 vitnau
879 454 1060 520 FLACCI

375 585 524 675 Cingitur
537 585 614 650 inde
630 586 739 667 sinus,
756 601 789 649 et
806 609 871 674 qua
886 587 947 650 sibi
966 584 1028 649 lida
1045 587 1146 675 magis
1163 587 1211 650 vis
1312 605 1346 642 ³⁵⁵

327 699 439 777 Nulla,
456 699 656 765 Prometheae
672 699 786 764 florem
802 699 843 766 de
860 701 1018 790 sanguine
1036 699 1125 766 librae

327 814 535 896 Caucasium,
553 815 678 878 tonitru
692 815 880 903 nutritaque
899 816 1062 904 gramina,
1080 816 1218 903 promit,

329 929 410 1010 Quae
426 952 514 994 sacer
530 929 584 994 ille
600 929 689 993 nives
705 929 791 993 inter
807 930 980 1016 tristesque
994 929 1126 1017 pruinas

331 1043 436 1108 Durat
454 1043 585 1131 editque
602 1066 717 1124 cruor3
737 1065 841 1130 quum
858 1043 979 1106 viscere
995 1042 1106 1105 vultur
1121 1040 1219 1104 adeso

328 1158 466 1222 Tollitur
479 1181 498 1222 e
514 1157 672 1246 scopulis,
691 1173 725 1221 et
739 1173 846 1221 rostro
864 1158 981 1220 irrorat
993 1171 1115 1245 aperto.
1312 1169 1348 1205 ³⁶⁰

327 1271 418 1336 Idem
435 1294 495 1350 nec
508 1272 596 1360 longi
612 1270 790 1359 languescit
805 1268 924 1336 finibus
940 1272 998 1335 aevi

328 1385 514 1449 Immortale
531 1386 637 1449 virens
654 1408 661 1449 ε
681 1384 769 1449 idem
783 1401 846 1449 stat
860 1386 997 1450 fulmina
1017 1400 1130 1448 contra

325 1497 484 1588 Sanguis,
500 1516 533 1562 et
549 1500 583 1562 in
601 1496 715 1563 mediis
735 1497 912 1563 florescunt
925 1498 1056 1589 ignibus
1071 1496 1190 1561 herboe.

328 1611 437 1676 Prima
454 1615 573 1677 Hecate
591 1614 707 1703 Stygiis
724 1613 872 1679 duratam
888 1614 1033 1679 fontibus
1049 1614 1172 1700 harpen

328 1726 461 1808 Intulit,
479 1744 512 1791 et
527 1726 646 1791 validas
664 1728 803 1818 scopulis
822 1727 937 1793 effodit
952 1728 1079 1792 aristas:
1313 1741 1350 1778 ³⁶⁵

328 1838 403 1902 Mox
420 1839 547 1904 lamulae
566 1857 744 1906 monstrata
757 1864 864 1930 seges,
878 1865 949 1929 quae
966 1838 1112 1927 lampade
1125 1838 1263 1900 Phoebes

316 2037 369 2098 357.
383 2039 520 2086 Caucaseum
531 2041 599 2103 ponit
612 2043 744 2104 nutritaque
754 2042 863 2102 grumina
871 2043 944 2103 ponit.
954 2042 1043 2087 Boron
1052 2039 1107 2087 cod.
1118 2042 1258 2084 &aeneam
1267 2037 1353 2097 promit

229 2159 232 2168 ,
286 2118 414 2179 nutritaque
431 2121 538 2179 gramma
554 2121 631 2181 ponit.
648 2121 713 2166 Curr.
727 2119 782 2166 aod.
797 2121 906 2166 Gramina
917 2120 990 2182 ponit.
1005 2121 1095 2165 Bonan
1112 2120 1123 2163 Ι
1138 2126 1162 2163 et
1179 2117 1211 2162 ll.
1229 2116 1272 2161 lin.

320 2290 383 2346 355.
397 2295 659 2362 Cirrgiturindesiuus,
675 2301 797 2363 etprorrrit
876 2296 1132 2363 361.1demsanguis
1150 2312 1194 2343 nee
1212 2295 1282 2358 longi
1293 2293 1352 2361 fini·

286 2373 442 2436 ortucula,
462 2392 517 2444 quo
539 2375 642 2427 nullum
664 2376 795 2446 potentins
841 2381 883 2426 bus
895 2378 951 2436 reri,
963 2373 1135 2427 diuturnitate
1146 2370 1284 2443 temporis,
1297 2374 1351 2420 lan·

285 2461 373 2505 nosset
386 2469 535 2517 venenum,
548 2457 696 2507 Promethea·
703 2458 796 2525 florem
837 2458 941 2523 gerescit,
957 2454 1011 2507 vim
1030 2453 1142 2517 amittit,
1160 2454 1299 2504 immortale
1312 2452 1350 2500 oi·
1416 2491 1417 2518 ,

222 2558 225 2569 ι
285 2534 317 2581 de
327 2535 525 2603 songrrinefibroe
531 2534 687 2605 θαιισαεὶιωιζ,
694 2534 721 2585 in
731 2533 797 2587 Cau·
840 2554 907 2595 rens,
916 2534 1051 2605 perenms,
1061 2552 1164 2605 semper
1169 2532 1260 2603 vigens
1269 2532 1351 2593 3iderrr

285 2628 347 2663 caso
360 2623 450 2665 monte
461 2629 475 2663 e
486 2612 614 2683 sanguine
624 2613 720 2685 Jecoris
731 2614 796 2668 Pro·
817 2662 821 2669 ,
839 2617 1108 2680 stateontrafislmr'na,
1117 2631 1177 2685 qua
1184 2610 1252 2663 nihil
1258 2622 1351 2663 contra

284 2690 383 2742 methei
401 2704 559 2762 prognatum
577 2690 689 2755 florem,
704 2695 795 2744 tonitru
839 2710 901 2744 eum
917 2692 1023 2755 valent,
1039 2707 1063 2743 et
1079 2695 1105 2743 in
1120 2694 1205 2743 mediis
1214 2694 1353 2761 florescunt

285 2772 427 2838 nutritaque
433 2774 566 2839 gramina,
573 2770 694 2824 eumdem
702 2772 795 2825 llorem
839 2775 933 2839 ignibus
943 2775 1038 2832 herba,
1049 2772 1100 2823 hoc
1111 2773 1222 2823 fortasae
1231 2788 1288 2821 non
1297 2770 1352 2821 sine

286 2847 354 2901 inter
373 2849 489 2902 tonitrua
508 2849 610 2902 felicius
630 2868 795 2921 procrescen·
839 2862 959 2921 respectu
969 2850 1005 2903 ad
1015 2864 1104 2903 tauros
1115 2850 1279 2921 ignivomos,
1289 2868 1352 2920 quo

286 2939 421 2995 tem3qucr
429 2930 547 3001 gramina
556 2949 633 2991 sacer,
645 2930 796 2983 relProme·
840 2948 901 2981 rum
917 2929 1037 2982 flammas
1055 2930 1110 2981 istie
1134 2928 1222 2981 herbar
1244 2940 1352 2998 possent

286 3007 343 3059 thei
360 3008 447 3076 (infra
459 3028 497 3061 vs.
512 3010 583 3063 368:
605 3014 698 3062 saniem
719 3015 795 3080 dei),
840 3010 1009 3080 restinguere.

286 3087 329 3138 uel
338 3087 472 3141 ueneficiis
487 3087 643 3156 destinatus,
652 3110 726 3142 eruor
733 3095 797 3142 nives
877 3090 937 3152 364.
959 3090 1047 3141 Prima
1063 3088 1161 3140 Hecate
1179 3089 1286 3153 harpen,
1304 3087 1352 3139 ial-

287 3169 350 3218 inter
362 3170 487 3235 tristesque
494 3172 614 3235 pruinas,
625 3188 671 3239 per
682 3170 795 3241 frigora,
840 3186 898 3219 cem
908 3206 916 3229 ,
927 3168 1042 3220 cultrum
1053 3204 1061 3226 ,
1071 3170 1159 3234 Stygiis
1160 3169 1288 3235 fontibus,
1297 3168 1354 3237 sty-

286 3243 400 3311 hiemes,
420 3250 496 3297 durat
516 3249 627 3315 editque,
646 3248 751 3303 indurat
772 3261 797 3301 et
840 3266 890 3316 ge,
904 3250 1031 3305 duratam,
1045 3258 1075 3298 nt
1089 3245 1208 3317 chalybis
1226 3243 1353 3299 duritiem

286 3324 404 3379 marcida
422 3326 500 3389 lucit;
517 3347 591 3394 quum
610 3330 714 3389 viscere,
729 3328 795 3398 jeci
840 3324 964 3391 haberet,
976 3329 1068 3387 intulit,
1081 3326 1116 3378 ad
1129 3324 1247 3377 radicem
1257 3342 1354 3377 eruen-

285 3422 351 3457 nore
362 3406 526 3470 Promethei,
543 3411 628 3458 vulno
642 3410 730 3468 adeso,
748 3404 795 3459 de·
839 3401 903 3455 dam
909 3403 1044 3470 admouit,
1054 3420 1079 3457 et
1085 3408 1197 3464 rabdos,
1206 3402 1354 3455 admodum

286 3497 378 3555 pasto,
392 3488 492 3545 tollitur,
509 3484 536 3536 in
551 3504 638 3537 aerem
658 3484 764 3547 avolat,
782 3504 795 3535 e
839 3483 947 3547 noxias,
967 3502 1126 3550 venenosas,
1146 3487 1250 3550 seopulis
1264 3486 1354 3551 effodit

286 3568 404 3632 seopulis,
422 3580 446 3615 et
460 3580 538 3616 rostro
555 3568 661 3624 irrorat,
674 3582 797 3635 consper·
841 3564 940 3622 mutas,
950 3564 1039 3616 caules
1052 3582 1114 3616 cum
1125 3561 1245 3615 floribus.

286 3643 340 3714 git,
361 3661 455 3713 aperto.
472 3644 557 3696 Totus
576 3642 667 3708 locus,
690 3643 797 3695 mutatis
876 3640 935 3693 366.
946 3644 1118 3709 Moufarmuloe
1127 3656 1264 3692 monstrata
1273 3660 1354 3709 seges,

287 3734 373 3776 tamen
392 3722 506 3777 subinde
523 3722 672 3785 coloribus,
688 3722 795 3775 desum·
840 3718 938 3772 Hecate
949 3719 1020 3773 hanc
1032 3720 1143 3773 berham
1158 3732 1355 3773 monstraverat

271 3788 680 3873 'prusexap0110n10‚111,ss1
696 3805 797 3873 squu-
840 3798 956 3862 usuca,
976 3820 1031 3867 qus
1052 3803 1167 3868 rampart
1189 3802 1288 3850 ruere
1309 3806 1355 3851 su

288 3881 410 3935 xuriatur
422 3892 608 3952 poeta,atque
621 3898 728 3952 magum
741 3882 795 3953 ipse
840 3881 946 3941 decimo,
973 3878 1078 3932 decimo
1098 3890 1159 3949 post
1184 3877 1354 3931 novilunium

288 3958 393 4012 videtur
405 3960 504 4032 egisse,
520 3960 556 4013 ita
569 3979 663 4031 parum
681 3979 798 4032 compre
841 3957 901 4026 die,
923 3958 969 4011 ubi
990 3958 1052 4011 luna
1076 3977 1188 4030 pernox,
1204 3961 1270 4026 jugo
1284 3962 1354 4026 fiere

288 4039 369 4091 hendi
382 4040 510 4092 nonnulla
527 4041 606 4092 etiam
623 4041 651 4093 in
667 4042 797 4113 sequenti·
841 4038 966 4101 Caucasi,
991 4038 1032 4091 his
1060 4039 1150 4091 herbis
1174 4036 1353 4100 abundantis,

288 4120 337 4171 bus
354 4133 472 4189 possunt.
491 4121 523 4171 Iu
537 4132 624 4172 mente
642 4132 731 4173 tamen
752 4121 798 4173 ha·
842 4122 921 4179 merit,
932 4116 1005 4188 qnod
1018 4118 1136 4189 apposite
1154 4115 1188 4169 ad
1202 4116 1355 4189 praeceden-

287 4199 373 4251 baisse
383 4198 486 4252 ridetur
496 4203 632 4251 colchicum
647 4205 796 4252 autumnale.
843 4210 895 4251 tem
906 4210 1030 4268 segetem.
1181 4194 1184 4199 ¹
