2859 4975
280 422 340 509 176
576 423 611 485 c.
636 419 833 484 vitnau
862 419 1035 486 relccr

318 553 457 618 Exuvias
475 552 602 616 auferre
618 550 717 632 velis,
731 573 774 614 an
788 550 913 613 lumina
929 536 1047 614 somno
1314 571 1337 609 ss

319 667 516 758 Mergimus,
537 681 570 730 et
585 665 749 730 domitum
762 664 872 753 potius
889 665 950 729 tibi
966 665 1125 729 tradimus
1138 687 1277 754 anguem
1286 665 1321 730 Ρ.

318 785 374 849 llle
391 783 477 864 silet,
496 785 605 846 tantus
621 779 723 844 subiit
739 795 778 842 ut
791 778 924 868 virginis
941 780 1068 844 horror.

362 900 497 984 Jamque
511 917 626 960 manus
646 892 775 957 Colchis
789 892 978 980 crinemque
994 891 1179 956 intenderat
1191 893 1300 974 asnis,

319 1011 468 1076 Carmina
482 1009 650 1074 barbarico
668 1007 809 1072 fundens
824 1007 929 1096 pede,
946 1023 1044 1094 teque
1060 1006 1184 1088 ciebat,

319 1125 439 1189 Somne
454 1141 544 1212 pater
556 1147 564 1188 :
578 1153 590 1179 α
602 1124 724 1187 Somne
732 1121 955 1210 omnipotens,
974 1136 1006 1184 te
1019 1097 1148 1185 Colchis
1161 1121 1202 1184 ab
1216 1121 1304 1188 omni
1315 1152 1338 1190 ⁷0

320 1239 409 1304 Orbe
421 1260 520 1336 voco,
535 1237 636 1326 inque
652 1257 758 1299 unum
770 1234 873 1314 jubeo
895 1257 985 1298 nuuc
1000 1234 1047 1298 ire
1063 1233 1247 1300 draconem.
1291 1265 1296 1271 ·

323 1353 406 1435 Quae
425 1351 507 1416 freta
529 1372 612 1440 saepe
629 1365 687 1412 tuo
705 1348 837 1430 domui,
860 1371 933 1438 quae
948 1347 1060 1412 nubila
1075 1370 1196 1429 cornu,

319 1467 346 1529 F
347 1465 550 1554 ulrninaque,
569 1479 601 1527 et
616 1478 687 1526 toto
702 1461 863 1548 quidquid
876 1461 975 1526 micat
993 1461 1131 1542 aethere3
1144 1460 1203 1524 sed
1216 1483 1319 1541 nunc,

320 1580 436 1661 Nunc,
453 1601 528 1668 age,
543 1576 644 1657 major
658 1575 750 1657 ades,
763 1575 921 1662 fratrique
939 1575 1101 1638 simillime
1114 1574 1230 1638 Letlro.

320 1695 367 1758 Te
382 1714 530 1782 quoque,
547 1691 701 1778 Phryxeae
717 1689 850 1777 pecudis
870 1689 1025 1753 fidissime
1041 1705 1171 1766 custos,
1318 1708 1341 1759 7⁵

320 1808 464 1894 Tempus
477 1806 518 1868 ab
537 1805 598 1868 hac
613 1805 726 1868 oculos
740 1802 873 1867 tandem
892 1800 1064 1867 deflectere
1079 1825 1167 1866 cura.

321 1919 429 2002 Quem
445 1919 562 1984 metuis
577 1941 630 1981 me
645 1918 699 1981 hic
714 1932 819 1982 stante
837 1917 977 1982 dolum?
992 1916 1127 1980 servabo
1140 1937 1313 2003 parumper
1415 1992 1416 1999 ¹

322 2035 395 2123 Ipsa
408 2055 544 2114 nemus3
558 2034 695 2122 longum
713 2032 836 2095 interea
852 2047 891 2094 tu
907 2050 997 2118 pone
1013 2029 1157 2094 laborem
1170 2060 1193 2092 ι.

308 2231 348 2278 66.
366 2229 565 2292 uirginitate.
578 2229 630 2275 cod.
649 2231 712 2274 lunt.
730 2226 785 2274 ald.
803 2226 983 2288 lingentem.
1001 2224 1086 2284 -67.
1103 2225 1174 2270 Subiit
1187 2234 1241 2270 mm.
1253 2226 1342 2270 Bonou.

277 2311 308 2356 11.
326 2335 353 2344 -
369 2310 409 2357 66.
426 2311 565 2371 Cirtamque.
583 2309 647 2355 Gerr.
667 2307 698 2352 Π.
717 2305 808 2351 Vitiose
827 2305 915 2351 forsan.
935 2331 965 2341 —
987 2303 1024 2365 76.
1043 2303 1129 2351 Oculis.
1145 2303 1222 2350 Vatio.
1242 2303 1297 2350 cod.
1314 2329 1343 2338 -
1415 2308 1416 2321 ¹

280 2403 318 2449 77.
336 2389 374 2434 Me
389 2389 424 2434 iric
438 2397 511 2435 stante
526 2385 610 2432 dolum.
627 2384 665 2431 Sic
685 2384 748 2430 Pius.
765 2385 825 2431 Meis
842 2383 911 2429 tande
928 2384 1012 2430 dolum.
1028 2382 1104 2429 Vatic
1122 2382 1175 2428 cod.
1193 2386 1233 2430 Me
1251 2381 1343 2429 medem
1415 2382 1416 2411 l

278 2470 358 2517 mum.
368 2471 459 2517 nonan.
468 2467 520 2515 eor.
530 2471 570 2515 rra
580 2468 677 2513 imane
688 2465 772 2512 doum.
784 2465 845 2512 arr.
855 2474 911 2512 mse
922 2465 989 2513 em.
1001 2468 1041 2513 re
1049 2473 1123 2513 mse
1130 2463 1213 2510 anm.
1224 2464 1291 2511 cm.
1301 2448 1343 2511 nni

278 2658 312 2710 lia
329 2656 467 2710 effundam
486 2671 622 2727 soporem,
639 2667 668 2707 ut
685 2667 792 2707 mortuo
834 2673 890 2707 non
899 2650 977 2706 cadet
983 2653 1049 2721 (nou
1058 2652 1137 2705 nimis
1145 2651 1344 2725 premendum),

256 2786 259 2793 ,
280 2735 370 2789 similis
380 2736 473 2806 jaceat.
834 2731 1247 2804 verummitigasse,delenivisse,
1254 2732 1345 2785 vicisse

313 2818 358 2885 67.
374 2813 422 2865 llle
436 2816 501 2873 silet,
516 2810 628 2866 tacendo
643 2811 790 2875 consentit,
834 2823 953 2884 tempore
965 2824 1096 2865 nocturno
1110 2831 1138 2865 se
1153 2811 1242 2864 bucce
1257 2812 1344 2863 omnia

280 2905 311 2947 ut
328 2891 421 2947 Medea
439 2908 560 2964 soporem
580 2890 722 2942 immittere
735 2908 791 2941 ma·
834 2890 982 2962 profitetur.

278 2972 321 3037 lit,
336 2990 395 3043 quae
415 2970 537 3024 maeonis
556 2970 609 3022 iras
632 2978 686 3022 tam
712 2968 790 3021 terri·
870 2973 912 3039 75„
926 2974 1000 3021 Nunc
1017 2988 1081 3039 age,
1097 2972 1185 3039 major,
1200 2968 1344 3039 potentior,

279 3050 344 3104 biles
355 3048 436 3103 modo
447 3049 634 3120 descripserat,
643 3062 725 3099 tanao
735 3051 790 3098 sub-
834 3052 903 3110 ader,
907 3050 1036 3117 fratrique
1047 3051 1168 3102 siuilliae
1180 3052 1262 3109 utho,
1270 3048 1308 3099 ita
1318 3059 1346 3098 nt

279 3134 308 3183 iit
331 3128 448 3183 animum
467 3131 536 3201 ejus,
558 3142 600 3188 ut,
623 3146 678 3181 non
703 3128 791 3180 minor
833 3127 944 3181 draconi
954 3140 1070 3181 nontam
1080 3146 1198 3199 soporem
1209 3126 1346 3191 immittas,

280 3229 378 3283 quarm
392 3211 496 3277 virginis
510 3207 629 3260 animum
642 3210 737 3259 horror.
835 3226 914 3278 quam
925 3208 1082 3281 letbargum.

315 3289 403 3360 (id-78.
414 3287 537 3340 Carmine
544 3286 624 3358 igitur
633 3287 661 3338 in
671 3304 792 3357 soporem
871 3289 915 3357 75.
926 3290 984 3341 Jam
996 3288 1030 3340 ad
1040 3288 1127 3358 ipsum
1136 3286 1278 3340 draconem
1288 3306 1346 3339 con

280 3368 326 3422 dat
342 3368 484 3422 draconem
505 3365 611 3419 Medea.
630 3372 722 3417 Manus
742 3367 791 3416 σή·
837 3367 914 3419 vertit
935 3367 1096 3427 orationem,
1116 3366 1158 3419 vel
1179 3365 1266 3437 potius
1285 3385 1346 3418 can·

280 3467 398 3516 nemque,
427 3458 523 3518 caput,
541 3446 681 3496 intenderat
700 3445 789 3504 astris,
805 3452 812 3468 ⁸
835 3457 891 3496 tum
904 3447 1040 3517 :Tempus
1058 3457 1097 3499 est
1113 3443 1219 3497 tandem
1237 3460 1260 3496 te
1272 3449 1346 3516 defle

280 3530 392 3579 cannino
417 3526 543 3577 barbarico
566 3528 642 3592 pede,
669 3523 791 3597 Scythica
835 3538 900 3575 ctera
919 3530 1001 3576 oculos
1021 3526 1053 3575 ab
1073 3527 1122 3575 hac
1138 3522 1243 3576 velleris
1261 3535 1347 3577 custo·

280 3604 473 3666 modulatione,
480 3605 604 3673 fundens.
837 3602 927 3656 diendi
941 3622 1010 3657 cura.
1025 3602 1099 3655 Nihil
1116 3614 1218 3655 metuas
1238 3601 1345 3666 velleri,
1414 3647 1415 3662 ,

317 3704 358 3755 7ο.
373 3688 406 3735 Te
419 3687 451 3733 ab
466 3684 534 3733 omni
547 3684 603 3733 orie
620 3701 699 3742 occo,
717 3681 792 3733 mitte
835 3700 884 3755 ego
895 3683 950 3754 ipsa
962 3694 1019 3735 tuas
1029 3682 1097 3734 vices
1108 3680 1346 3734 subib0.Noudum

279 3767 332 3837 jam
350 3772 437 3815 toturn
450 3771 579 3815 terrarum
596 3760 702 3822 orbem,
718 3763 793 3829 inque
836 3774 926 3814 tamen
950 3761 1032 3813 draco
1054 3764 1160 3812 discedit
1167 3762 1269 3829 fessus,
1293 3779 1346 3830 pras

280 3862 353 3894 unum
369 3844 444 3910 jubeo
462 3858 529 3890 nunc
546 3841 582 3891 ire
599 3844 744 3901 draconem,
763 3839 792 3891 in
836 3838 1007 3901 lassitudine,
1026 3841 1058 3890 ab
1076 3841 1158 3890 AEolio
1178 3858 1239 3888 aum
1258 3839 1348 3904 (Pary-

280 3921 332 3974 hoc
345 3919 668 3973 solorimexserastuam.
837 3937 911 3969 :ceum
929 3921 1067 3979 metallum,
1081 3917 1118 3983 V,
1140 3916 1209 3979 6333
1230 3916 1303 3968 conf.
1322 3927 1348 3968 et

317 4018 361 4070 72.
372 3996 466 4051 Medea
477 3996 513 4049 ait
523 4014 561 4061 se,
571 4000 665 4058 nubila,
668 3998 790 4065 fulmina,
837 3998 900 4061 VII,
914 3997 947 4059 54
957 4000 978 4064 ),
995 4017 1040 4049 nec
1057 3998 1145 4064 quieti,
1161 3998 1269 4063 qrtatnvis
1279 3998 1348 4064 juvet

281 4083 362 4130 sidera
372 4080 492 4129 domuisse
499 4094 591 4129 somno
600 4076 792 4149 ,quod,quum
836 4076 943 4145 (forsan
957 4080 1039 4135 Iubet,
1055 4073 1129 4146 quod
1142 4075 1222 4146 Carp.
1241 4074 1347 4127 barthio

280 4159 308 4210 in
324 4159 371 4210 has
390 4174 432 4210 res
448 4172 538 4209 omnes
557 4174 665 4207 somnus
687 4156 793 4228 proprie
835 4159 891 4227 iam
912 4154 940 4206 iu
967 4164 1081 4208 mentem
1100 4153 1202 4225 venit),
1216 4174 1261 4205 om
1287 4157 1347 4204 dore
