2859 4975
409 382 413 390 ’
435 387 807 456 ARGONAUTICA.
1091 391 1153 456 30}

123 523 207 606 Quae
222 523 327 604 volat,
345 539 376 586 et
390 521 510 612 Minyis
527 545 560 586 se
578 523 676 588 tristis
694 523 833 587 Erudios
848 523 964 604 infert3

120 638 181 700 Illa
200 636 320 700 dehinc
339 636 394 704 alis
413 636 497 701 circa
515 637 629 702 ultima
648 660 722 702 saxa
736 639 847 702 levatis
1191 678 1206 706 ι

121 753 267 836 Circuit3
284 769 332 817 ast
349 769 456 842 petras
474 775 636 818 concursu
654 770 789 818 mutuus
802 754 939 817 horrens
1117 773 1156 823 ⁶90

120 867 271 955 Impetus
289 867 400 944 allisit,
417 866 556 932 volucris
575 890 648 956 pars
664 867 776 931 ultima
793 865 903 931 caudoe
995 871 998 885 '

120 981 242 1044 Attrita
259 997 323 1062 est,
341 981 524 1068 Minyaeque
540 963 626 1046 illuni
646 981 842 1046 clamoribus
859 999 988 1070 urgent.

119 1094 249 1183 Tiphys
268 1095 326 1158 ubi
344 1091 443 1160 exitio
461 1095 629 1158 volucrem
642 1095 708 1175 jam
722 1079 804 1160 vidit
817 1094 1021 1182 ademptam,

122 1215 188 1277 Dat
206 1215 336 1303 signum
352 1212 456 1277 tacitis
474 1211 652 1278 heroibus:
669 1213 760 1292 ocius
776 1233 891 1276 omnes

20 1403 22 1408 Ι
120 1329 262 1392 Accensi
279 1326 396 1392 lluctus
414 1328 480 1392 acri
492 1344 564 1391 tum
577 1327 699 1416 remige
716 1327 855 1415 pulsant.

120 1445 184 1507 Ast
201 1465 261 1532 ego
275 1441 390 1506 divinis
407 1443 549 1532 ingentia
566 1465 639 1506 saxa
658 1441 820 1506 Camoenis

20 1537 22 1654 L
120 1558 326 1640 Mulcebam,
344 1558 451 1622 subita
465 1557 518 1621 illa
535 1557 651 1645 procul
667 1555 817 1621 secedere
832 1557 908 1621 visa.

20 1661 21 1664 ¹
115 1673 219 1746 ,Tunc
235 1671 441 1736 exundarant
454 1669 592 1754 fluctus,
606 1672 796 1760 sublataque
809 1687 922 1737 nostro

120 1786 273 1852 Carmine
289 1803 370 1851 tunc
380 1791 469 1875 Argo
485 1785 566 1850 rasti
584 1786 659 1850 tulit
675 1787 814 1873 aequoris
830 1785 930 1850 unda.

166 1901 255 1989 Ergo
272 1901 331 1964 ubi
343 1900 408 1980 jain
428 1916 624 1990 transgressa
642 1901 717 1964 freti
733 1901 796 1964 fuit
810 1923 868 1963 ora
886 1902 1046 1964 tremendi
1082 1926 1086 1936 ⁸
1113 1936 1151 1975 ,ω

120 2016 338 2103 Cyaneasque.
349 2019 437 2104 Argo
456 2029 579 2102 petras,
593 2037 627 2078 se
641 2013 790 2105 protinus
803 2037 886 2103 aegre
1149 1996 1153 2000 .

20 2205 21 2216 χ
120 2129 171 2192 Ex
187 2129 255 2192 imo
270 2128 398 2193 stabiles
415 2145 597 2192 monstrant
612 2151 711 2216 super
727 2150 858 2216 aequora
873 2127 995 2194 fundo:

120 2242 173 2306 Sic
189 2265 331 2330 namque
348 2267 366 2308 e
382 2243 493 2307 tetrica
508 2241 682 2308 Parcarum
698 2243 769 2331 lege
783 2242 927 2322 jubetur.

20 2337 21 2342 ἵ
118 2357 217 2419 Tunc
233 2355 333 2445 igitur
347 2345 426 2420 lethi
442 2357 546 2421 iatum
565 2357 691 2422 exitiale
707 2357 875 2439 timentes,

119 2457 279 2536 Caeruleas
295 2471 437 2560 petimus
452 2472 600 2539 Rhehani
610 2470 895 2538 ‘fluminis-undas.
1111 2492 1149 2545 70⁵

119 2586 206 2652 Hinc
222 2588 337 2675 procul
353 2588 386 2651 in
402 2588 537 2677 longum
554 2604 662 2654 tractae
674 2588 863 2677 Thyneidos
877 2612 952 2654 arva

20 2768 21 2777 ,
118 2702 293 2766 Tembrius
309 2703 437 2793 irriguis
445 2700 567 2791 hilurius
584 2704 659 2768 facit
675 2703 810 2767 humida
827 2704 915 2792 ripis.

120 2816 293 2907 Sangarius
310 2818 398 2882 subit
413 2818 491 2882 hinc
507 2818 626 2882 Euxini
642 2818 736 2882 litora
752 2820 893 2908 pulsans.

119 2932 179 2993 Ast
195 2930 240 2993 ibi
259 2932 393 3021 remigio
411 2931 512 3013 adjuti
531 2932 739 2995 consedimus
757 2956 829 2996 oras

120 3046 265 3126 Vicinas,
277 3048 362 3134 Lyce
381 3068 513 3136 magne,
532 3044 604 3123 tibi,
619 3069 686 3133 quo
703 3049 837 3111 nomine
855 3050 943 3138 genti
1110 3086 1149 3126 210

120 3160 280 3247 Imperat,
295 3160 444 3247 amplexu
459 3159 516 3247 qui
531 3182 591 3223 nos
605 3160 640 3221 in
655 3174 741 3223 tecta
753 3151 876 3248 recepit

119 3275 188 3339 Rex
204 3276 325 3363 Lycus,
340 3289 372 3338 et
384 3274 510 3361 Minyas
526 3274 608 3338 fovit
624 3274 720 3337 simul
736 3274 866 3361 hospite
882 3298 1010 3360 mensa,

120 3390 193 3478 Ipse
208 3390 277 3455 dies
293 3406 471 3479 noctesque
489 3412 585 3455 suum
605 3405 740 3454 testatus
757 3412 912 3455 amorem.

121 3505 182 3567 Hic
199 3528 333 3593 quoque
351 3506 450 3570 Parca
467 3504 550 3569 duos
569 3505 655 3569 Orco
677 3505 842 3570 damnavit
859 3507 987 3595 iniqua,

120 3619 324 3708 Idmonaque
333 3620 554 3709 Ampyciden,
572 3621 761 3708 clarumque
777 3644 836 3709 per
848 3645 980 3710 aequora
987 3624 1134 3716 Tiphyn3

121 3732 215 3797 Illum
234 3732 386 3823 equidem
404 3733 510 3809 morbi
525 3733 573 3797 vis
589 3733 782 3822 intempesta
801 3737 953 3822 peremit,
1109 3764 1149 3813 71⁶

123 3849 179 3911 Ast
194 3872 271 3937 aper
288 3848 406 3913 occidit
423 3849 510 3913 ferus
530 3848 634 3929 hunc;
653 3870 712 3913 nos
728 3849 814 3930 justa
831 3853 972 3940 sepulcri

122 3962 297 4042 Solvimus,
317 3980 349 4025 et
365 3986 459 4026 canas
476 3978 545 4027 tum
561 3962 678 4027 deinde
695 3966 895 4054 reposcimus
912 3967 1026 4034 undas.

125 4075 293 4141 Credimus
305 4078 422 4141 Ancaeo
439 4077 593 4166 puppim:
611 4100 686 4142 nam
702 4081 842 4167 quisque
859 4067 1047 4173 magistrum
