2859 4975
419 397 784 496 succurrimus.

123 557 210 621 Tunc
227 559 290 638 jam
311 561 443 649 virginei
458 560 699 626 floremMedea
713 560 839 627 decoris

25 749 26 764 ἶ
123 671 274 738 Tristibus
291 675 402 740 infelix
414 677 590 766 hymenaeis
608 694 710 766 nupta
725 678 867 766 reliquit.

161 788 242 852 Hinc
255 790 314 854 ubi
331 791 528 880 magnanimi
544 791 628 882 regis
642 792 771 856 subiere
783 793 926 857 tribunal

25 891 27 918 ⁵
121 901 289 991 Colchique
307 899 340 970 et
352 897 489 994 Minyae,
500 989 501 992 Ἴ
511 905 671 994 quidquid
684 907 818 971 voluere
833 908 975 996 loquuti,
1091 929 1141 970 rua

120 1014 265 1082 Traditur
277 1018 403 1085 Alcinoi
418 1019 549 1086 decreto
563 1020 631 1102 jam
647 1045 704 1086 sua
718 1023 839 1103 conjux

26 1171 27 1180 η
97 1180 102 1188 ,
120 1127 293 1212 AEsonidae3
316 1132 448 1197 solvunt
462 1134 581 1223 Minyae
600 1133 641 1198 de
657 1135 752 1200 litore
770 1159 932 1225 puppem,

121 1241 219 1307 Ocius·
227 1261 261 1309 et
279 1246 376 1310 remis
391 1247 529 1312 stridens
541 1249 735 1337 propellitur
747 1252 855 1338 Argo,

119 1355 336 1448 Ambraciique
350 1361 440 1424 sinus
455 1362 550 1425 celeri
562 1377 647 1426 secat
666 1385 797 1449 aequora
811 1386 921 1427 cursu.
955 1349 958 1353 ¹

158 1472 217 1536 llic
230 1473 290 1537 tibi
304 1473 398 1561 quid,
412 1473 548 1558 Musaee,
562 1499 687 1557 canam,
701 1476 923 1557 memorande,
936 1478 1073 1559 labores,
1090 1498 1139 1537 rus

117 1583 203 1665 Quos
218 1585 369 1651 dederint
381 1589 503 1669 junctae
517 1611 592 1652 cum
606 1589 753 1678 Syrtibus
771 1613 875 1678 usque
887 1583 1052 1678 procellae,

26 1717 27 1778 }
117 1695 154 1759 Et
164 1699 280 1787 Minyae
292 1700 472 1764 incolumes
489 1695 616 1789 quantis
630 1703 795 1767 erroribus
810 1704 889 1786 acti,

26 1797 27 1824 l
118 1813 298 1908 Quinetiam
320 1833 459 1904 quantos
474 1817 610 1882 incussit
627 1819 721 1882 Creta
737 1816 885 1897 dolores,

115 1927 226 1995 AEreus
243 1947 282 1994 ut
294 1919 440 2022 Trigigas
454 1953 585 2013 accessu
602 1929 786 1995 horrendus
802 1931 837 1993 in
853 1931 925 2018 ipso

115 2043 150 2104 ln
163 2061 297 2132 portum
310 2046 413 2108 vetuit
425 2045 552 2134 Minyas
566 2044 750 2108 subducere
764 2067 923 2133 puppem,
989 2101 991 2105 ,
1091 2059 1142 2102 uso

25 2205 26 2210 1
116 2157 155 2219 Ut
169 2158 300 2223 tandem
319 2161 476 2247 aequoreis
493 2159 597 2223 vexati
617 2175 765 2247 tempore
780 2158 881 2248 longo
1062 2144 1066 2152 ¹

114 2271 297 2356 Fluctibus,
314 2261 474 2339 desubito
491 2275 573 2338 tristi
590 2276 672 2338 male
690 2276 779 2338 nube
795 2276 931 2364 gravati,

114 2385 313 2452 Credidimus
330 2410 445 2478 navem
461 2388 588 2476 quoties
605 2386 736 2450 allidere
750 2387 855 2451 saxis?

113 2501 151 2563 At
167 2502 263 2567 Paean
279 2503 385 2567 lucem
401 2525 461 2590 per
478 2502 590 2565 nubila
608 2525 689 2566 saeva
707 2524 876 2566 coruscam

25 2682 26 2691 χ
113 2614 278 2681 Montibus
296 2640 314 2679 e
335 2616 470 2680 summis
489 2616 559 2680 Deli
580 2616 655 2680 tulit
670 2640 678 2681 ι
696 2614 775 2679 inde
790 2634 925 2704 repente
1088 2637 1137 2680 nus

115 2728 159 2793 Ex
176 2732 287 2795 multis
297 2754 376 2818 quae
391 2753 451 2794 nos
469 2729 663 2793 claudebant
679 2730 785 2820 insula
800 2730 868 2793 visa
884 2746 950 2813 est,

114 2842 216 2925 Quam
230 2844 347 2908 dicunt
360 2843 516 2933 Anaphen
529 2845 600 2908 loca
611 2843 668 2931 qui
681 2843 789 2907 vicina
804 2846 1026 2931 frequentant.

25 2948 26 2963 ³
112 2954 171 3020 Sed
187 2980 257 3021 non
273 2954 440 3021 AEsonidae
459 2957 605 3044 quamvis
622 2958 812 3046 contingere
828 2974 947 3023 terram

25 3050 26 3063 ἵ
113 3068 200 3135 Parte
212 3072 305 3136 licet:
325 3070 536 3135 redimendus
553 3070 641 3134 enim
659 3069 807 3136 defertur
830 3072 880 3159 (at
896 3071 989 3136 illum

25 3208 26 3211 ¹
112 3179 196 3249 Mors
212 3204 324 3249 aversa
340 3180 438 3274 fugit)
451 3206 459 3249 τ
474 3184 521 3249 vis
535 3198 624 3249 tanta
641 3184 837 3273 Hyperionis
853 3186 928 3250 irae!
1086 3208 1137 3247 uso

25 3360 26 3375 ,
70 3292 72 3296 ’
112 3296 185 3361 Mox
201 3298 260 3363 ubi
276 3298 450 3363 transvecti
461 3296 654 3363 Maleotidos
669 3298 733 3363 alta
744 3295 912 3380 tenemus,

25 3390 26 3425 i
112 3410 290 3476 Admonitu
303 3390 410 3477 Circes
427 3412 547 3500 Minyae
565 3434 705 3502 purgare
724 3414 880 3501 parabant

112 3526 290 3592 lufaustum
309 3526 418 3591 AEetes
441 3525 642 3615 quidquidve
658 3528 794 3616 ingessit
811 3529 973 3618 Erinnys,

101 3640 202 3706 'Tunc
222 3664 283 3731 ego
303 3662 468 3706 sacrorum
485 3642 605 3729 Minyis
622 3641 776 3705 libamina
793 3643 930 3729 pulchra
989 3667 992 3673 ·

112 3756 231 3840 Struxi,
246 3773 279 3821 et
294 3757 486 3845 Neptunum
501 3777 651 3843 suprema
664 3778 745 3819 voce
758 3756 869 3845 rogavi
1087 3780 1138 3817 ηπ

113 3867 172 3931 Det
183 3868 324 3934 reditum
338 3869 448 3950 fessis,
465 3867 642 3956 dulcesque
656 3868 766 3934 videre
779 3888 939 3957 parentes.

153 3987 202 4051 Illi
222 3987 322 4077 igitur
336 3988 439 4051 ventis
456 3986 519 4049 acti
534 3988 722 4053 referuntur
735 3988 847 4051 Iolcon

113 4099 147 4161 ln
161 4102 314 4189 patriam3
332 4100 387 4165 sed
405 4100 521 4165 fronde
535 4100 642 4163 virens
657 4122 710 4162 me
724 4102 876 4167 Taenarus
895 4105 967 4168 alta

161 4214 202 4277 ff.
634 4298 639 4303 .
991 4240 1026 4279 21
