2859 4975
287 365 678 470 Aisonauuoon
709 401 796 468 mn.
822 404 903 471 vn.
1090 437 1133 503 97

102 520 243 607 Graecia?
257 537 437 622 'Quodnam
453 535 626 598 hominum
643 513 743 600 cerno
755 552 857 626 genus
867 541 946 607 iant
957 546 1015 609 ubi
1024 562 1133 614 cautes

102 657 239 744 Cyaneae
249 652 361 717 tvenie
372 649 538 738 Scythicas
550 664 590 713 'en
603 650 722 738 bospes
735 652 768 713 in
782 674 866 718 oms.

104 769 349 858 Quinquaginta
360 767 469 832 Asiam
479 761 602 852 (pudet
614 762 696 828 beu!
706 763 719 851 )
730 767 906 853 penetrarit
917 770 1013 834 Iason

103 881 291 959 Exsulibus!
309 899 428 968 meque
439 893 514 942 ante
528 878 606 942 aiios
619 878 664 942 sic
675 881 831 966 spteterit
843 903 929 965 una,

102 999 174 1064 Una
186 998 279 1077 ratis,
294 994 435 1084 spolium
448 1009 485 1056 ut
495 993 570 1056 vim
580 991 623 1056 de
639 1012 714 1080 rege
726 999 885 1081 reportet!

100 1116 215 1204 Ipsum
227 1111 362 1190 efferte,
375 1123 466 1172 meos
480 1108 654 1194 ipsumme
664 1107 808 1194 pandent
820 1110 911 1174 lucos

102 1230 263 1318 Imperet,
275 1242 308 1291 et
319 1224 411 1288 nullo
423 1221 577 1311 dignetur
587 1221 718 1284 vincere
726 1222 834 1288 bello!

102 1344 184 1423 Cur,
196 1363 271 1430 age,
283 1359 350 1403 non
363 1335 492 1423 templis
503 1349 623 1398 saciata
635 1335 770 1400 avellere
781 1335 869 1400 dona

103 1457 286 1535 Omnibus,
297 1465 396 1540 atque
408 1453 493 1539 ipsas
504 1450 634 1538 gremiis
645 1449 808 1515 abducere
817 1469 924 1535 natas,

103 1570 217 1636 Ptado
227 1618 236 1651 ,
247 1567 350 1632 mett
362 1565 498 1630 vobisne
512 1564 643 1640 domos,
656 1564 793 1630 vobisne
807 1583 958 1654 parentes
1107 1595 1132 1632 ⁵0

90 1792 128 1838 [μ.
147 1781 275 1841 Quomlam.
287 1777 363 1824 Vatia.
373 1785 397 1822 et
410 1778 501 1822 bonon.
518 1773 587 1820 codd
603 1776 694 1821 bonon.
710 1777 729 1820 1.
744 1802 775 1810 -
793 1777 832 1834 43.
843 1779 985 1832 Pomanus,
1002 1789 1026 1826 et
1037 1796 1070 1828 va.
1081 1795 1130 1845 aeq.
1187 1818 1190 1822 .

63 1875 85 1907 ot
93 1863 206 1926 spreverit.
219 1860 284 1906 Carr.
298 1859 329 1904 11.
347 1883 377 1892 -
391 1855 429 1911 45.
449 1857 478 1901 Ut
492 1854 730 1900 Jun0.130n0n.cod.
746 1857 838 1903 bonon.
853 1859 873 1903 1.
892 1861 958 1904 tuot.
976 1860 1029 1906 atd.
1041 1865 1131 1909 Vetust.

63 1941 202 1990 Parisiemia.
222 1966 254 1974 -
272 1939 309 1994 46.
330 1927 428 2000 Offitte.
446 1934 522 1983 vitto.
540 1935 630 1981 Botion.
646 1933 719 1981 eodd.
735 1935 826 1981 Bonon.
848 1937 859 1982 1
876 1946 900 1983 et
918 1939 949 1984 tl.
968 1942 1008 1986 Me
1027 1941 1093 1988 deest
1108 1944 1133 1988 iu

62 2023 134 2070 vatio.
148 2023 207 2070 eod.
219 2023 298 2082 Ipsum
309 2033 368 2064 nam
375 2015 485 2080 paudere.
502 2017 592 2060 Bouou-
607 2013 660 2060 cod·
677 2018 754 2077 Aeque
765 2018 840 2078 ipsum
847 2018 959 2079 paudere.
970 2022 1034 2067 tunt
1047 2022 1132 2070 Mater.

64 2104 112 2151 ald.
127 2105 228 2165 Engeut.
243 2103 287 2147 En.

64 2275 186 2348 suptaV,
203 2273 254 2344 475
271 2271 348 2344 aq.,)
357 2272 455 2331 Pelian,
469 2271 572 2320 Thessa·
654 2267 695 2329 48.
715 2272 786 2335 Age,
795 2271 969 2342 prado(1am
989 2273 1134 2327 conviciari

64 2359 134 2416 dam,
148 2357 278 2420 (paneas,
291 2352 422 2410 Graeciam,
443 2347 505 2400 {iota
516 2365 573 2398 om·
618 2345 750 2419 incipit),
773 2369 818 2400 cur
841 2369 891 2400 non
919 2355 1012 2419 templis
1032 2370 1133 2406 sacrata

63 2437 123 2487 nia:
134 2433 167 2489 ad
179 2443 361 2503 contemptum
371 2427 573 2501 exprimendum
618 2431 723 2479 avellere
733 2432 818 2491 dona
830 2427 939 2482 donaria
949 2434 1134 2507 ,timpum

64 2518 182 2589 ignorare
201 2516 321 2579 simulat,
342 2532 402 2585 qnae
424 2513 493 2565 bene
511 2522 573 2563 nota
618 2512 741 2570 omnibus,
755 2526 832 2578 atque
846 2514 913 2579 ipsas
925 2516 1132 2585 gremiisparen.

65 2616 117 2651 este
138 2594 278 2649 debebant.
297 2598 428 2660 Qawdaam
451 2594 572 2643 hominum

66 2678 75 2743 (
82 2686 106 2729 et
118 2674 171 2729 hoc
183 2671 373 2746 contemptim)
388 2692 461 2723 cerno
473 2679 573 2739 genus?

98 2756 138 2819 43
162 2756 352 2823 Quirtquaginta
373 2756 459 2804 Asiam
480 2754 574 2819 (pudet

64 2837 122 2885 heu.
120 2841 126 2871 '
139 2844 239 2906 quanta
248 2850 313 2884 vero
323 2830 500 2925 impudentia!
513 2833 573 2899 )pe

66 2917 165 2965 necteria
176 2920 256 2965 Jason
270 2926 331 2965 eum
348 2912 421 2983 vagia
437 2913 571 2963 exsulibus.

65 2993 156 3046 Omnia
171 2998 321 3067 {pponam-
315 2993 436 3053 -nsiam,
450 3002 502 3042 tam
515 3008 572 3044 am·

65 3074 148 3142 plain,
162 3082 201 3126 tot
218 3074 365 3125 incolarum
384 3071 502 3124 millibus
519 3070 576 3123 fre)

66 3164 197 3222 quentem,
208 3154 361 3223 penetravit,
380 3150 480 3205 adoriri
494 3150 573 3203 susti·

66 3242 122 3296 net,
141 3236 218 3287 Iason
243 3230 371 3307 quidam,
386 3245 464 3285 tetta
482 3230 572 3296 filins,

68 3326 123 3364 cum
138 3314 247 3384 paucis,
262 3314 443 3381 quinquaginta
458 3309 574 3362 homini·

68 3390 128 3457 bue,
140 3396 219 3461 iisque
231 3394 368 3452 exsulibus,
377 3410 444 3463 quos
457 3391 515 3463 ipsa
528 3406 575 3461 pa·

68 3468 113 3522 tria
124 3472 192 3526 cives
204 3472 313 3524 inutiles
326 3470 418 3544 eiecit!

102 3556 142 3614 46.
153 3556 242 3620 Meque
260 3566 319 3603 ante
336 3552 398 3602 alios
415 3549 481 3602 mie
499 3558 574 3620 teges

69 3632 101 3679 sic
108 3636 218 3698 spreverit
228 3648 295 3694 aena,
306 3642 371 3692 utta,
381 3630 489 3701 inquam
502 3667 510 3694 ,
520 3643 574 3679 non

70 3714 118 3759 iam
131 3711 221 3772 navia,
234 3726 316 3781 quam
333 3711 409 3769 ratis,
427 3711 529 3777 spolium
551 3722 577 3757 ut

70 3789 131 3847 vivo,
143 3788 215 3859 quod
232 3788 297 3841 alias
310 3806 364 3840 non
376 3787 428 3839 nisi
439 3788 466 3839 in
485 3786 576 3858 prelio

71 3866 137 3918 cuais
147 3866 249 3919 detrahi
258 3868 336 3933 solet,
352 3872 383 3919 de
391 3886 449 3935 rege
458 3872 576 3934 reponet!

73 3948 159 4009 Ipsum,
179 3949 256 4015 ipsum
277 3964 314 3997 me
336 3946 425 4015 efferre
448 3944 575 4005 obviam,

72 4040 124 4088 quat
138 4027 268 4096 postulat,
287 4046 352 4077 meos
368 4028 495 4093 pandere,
517 4042 576 4094 ape·

73 4100 132 4167 rire,
148 4109 227 4166 lucos,
241 4124 294 4157 non
306 4116 395 4175 petat
414 4102 485 4156 sed'
476 4116 576 4171 imperet

75 4188 190 4250 tanquam
203 4185 294 4237 victui.

196 4282 238 4344 II.

617 2602 674 2641 tum
689 2594 810 2643 abducere
823 2604 897 2641 netes
911 2592 997 2644 tutet
1011 2595 1058 2662 (at
1071 2612 1132 2647 mox

617 2669 743 2738 babebit).

653 2756 695 2812 50.
724 2759 831 2810 Vobisne
854 2764 939 2811 domos
959 2780 1013 2813 esse
1031 2776 1130 2829 putem,

617 2840 720 2889 vobisne
743 2854 861 2905 paream
884 2839 1037 2905 (arrident,
1065 2861 1132 2913 qnos

617 2918 785 2971 Burmannus
804 2932 937 2985 parentam
956 2919 1015 2972 loeo
1033 2938 1133 2991 ponere

617 2996 729 3061 suadet,
746 3012 867 3066 penates,
891 3015 951 3070 quat
974 2998 1029 3052 duo
1052 3020 1132 3055 voea-
1190 2997 1199 3007 ⁸

617 3076 682 3128 bula
703 3093 770 3148 aaepe
786 3078 872 3130 soient
890 3078 917 3129 in
934 3075 1009 3131 libtia
1028 3098 1134 3149 permu-

617 3154 667 3206 tari
677 3172 685 3217 ;
697 3174 746 3208 neo
760 3168 816 3219 est,
828 3156 903 3228 qnod
914 3157 1066 3229 tautologia
1080 3178 1136 3229 spe·

617 3232 657 3285 oie
671 3232 852 3298 offendamur,
873 3236 911 3287 sic
927 3236 998 3288 enim
1014 3246 1039 3288 et
1054 3238 1134 3305 alibi3

618 3332 640 3367 v.
655 3330 679 3366 c.
698 3312 731 3377 I,
745 3331 812 3384 711:
829 3320 852 3364 0
869 3317 972 3375 άοηιιιε,
986 3318 1129 3383 osrect‘ne-

618 3396 754 3463 quidquam
765 3400 835 3463 prole
844 3410 950 3463 penates
960 3418 971 3457 ;
980 3396 1042 3449 item
1056 3399 1134 3462 infra,

617 3494 643 3527 v.
659 3491 724 3541 109,
734 3478 832 3525 domum
851 3489 926 3541 atque
939 3483 1052 3545 posces),
1072 3493 1133 3545 qnos

618 3558 672 3604 sola
692 3557 753 3603 ratis
782 3556 893 3621 infandis
916 3559 1009 3623 rapinis
1032 3561 1131 3627 poscit,
1199 3622 1202 3638 Ι

619 3635 664 3703 qui
676 3631 784 3702 piratIca
803 3633 950 3686 exercenda
963 3635 1078 3706 qnaeritis
1093 3638 1132 3689 vi·

620 3724 709 3774 otum,
727 3733 788 3779 quos
804 3732 871 3764 sarva
889 3716 964 3765 hiems
975 3719 1071 3782 pascit,
1087 3718 1134 3786 qni

620 3790 684 3862 ipsis
710 3793 908 3863 tempestatlbus
938 3794 1078 3846 abutimini
1100 3794 1134 3847 ad

620 3871 762 3942 naufragos
776 3873 968 3943 exspoliandos.
981 3872 1023 3927 Sic
1034 3892 1133 3944 augen-

620 3960 664 4000 tur
678 3949 836 4041 opprobria:
856 3951 961 4023 placido
978 3955 1044 4005 mari
1062 3946 1133 4024 rapi·

621 4029 660 4080 nis
675 4029 746 4079 ttvti
749 4048 775 4090 s
788 4048 882 4100 pecora
894 4032 997 4124 abigitis
1011 4042 1035 4085 'et
1046 4033 1132 4084 bomi-

620 4106 910 4177 nes;hieme01ta,ex
925 4112 955 4181 ip.
946 4114 987 4163 sis
1001 4112 1134 4181 naufragis

622 4186 708 4238 tacitis
721 4197 859 4258 quaestum.

982 4312 1001 4371 ’7
