2859 4975
312 401 733 487 AnGoNAUTICON,
759 405 848 470 ma.
871 405 935 471 rx.
1091 413 1151 488 ψ

122 532 246 598 Plectra
263 556 348 617 suae,
373 552 406 602 et
423 552 515 625 grato
532 536 679 602 lenibant
696 553 831 627 pectora
851 515 960 622 carim

123 649 277 712 Carmine
290 650 356 728 jam
373 649 520 716 demulsa
533 652 652 716 cohors
669 667 701 715 et
721 674 802 716 voce
817 674 955 736 sonora,

123 762 174 827 Ad
189 765 343 851 scopulos
360 781 567 854 properasset
580 767 658 849 iter,
674 767 738 829 nisi
756 765 914 854 providus
929 769 1082 857 Orpheus

121 877 289 957 Majestate
305 901 422 944 manus
441 881 599 945 tenuisset
613 881 730 946 inutile
745 897 880 963 votum3
1116 904 1155 946 uo

121 993 335 1082 Bistoniaque
354 995 449 1083 chely
467 997 597 1060 mellitis
615 997 745 1084 pectine
761 997 924 1086 Nymphis

122 1109 336 1196 Obloquitur,
349 1108 490 1174 modulis
503 1109 655 1174 modulos
671 1125 704 1173 et
720 1111 865 1174 carmine
880 1133 1028 1194 carmen,

121 1225 233 1310 Atque
247 1220 327 1286 fides
341 1219 461 1314 fidibus
478 1243 655 1312 superans,
669 1222 714 1287 ita
729 1225 833 1311 pascit
846 1225 964 1290 amicas

121 1337 296 1425 Decipiens
313 1359 425 1420 aures,
447 1359 489 1400 ne
506 1360 573 1426 quo
590 1337 760 1427 capiantur
772 1339 814 1402 ab
832 1362 899 1404 ore.

121 1451 276 1516 Sirenum
290 1451 379 1515 solus
394 1466 493 1516 cantu
509 1451 699 1516 Teleontius
713 1452 812 1517 heros

121 1566 318 1648 Demulsus‚
335 1567 439 1656 surgit
458 1567 585 1657 magico
602 1566 685 1630 male
698 1568 847 1632 concitus
864 1585 978 1651 oestro,

121 1683 164 1746 Et
180 1682 252 1746 salit
267 1682 302 1744 in
319 1683 452 1772 pelagus
469 1670 628 1772 praeceps,
642 1683 879 1772 Nymphasque
897 1685 1035 1772 requirit

121 1795 273 1860 Perditus
285 1819 296 1877 ς
310 1811 343 1860 at
358 1799 464 1861 Buten
480 1796 596 1885 Cypris
611 1796 762 1862 miserata
776 1797 911 1862 revulsit

120 1911 287 1975 Faucibus
306 1933 324 1975 e
343 1912 457 1978 mortis
473 1912 651 1994 miserum,
666 1911 794 1976 etvada
812 1912 892 1976 salsa
907 1929 1106 1979 vomentem.

164 2029 296 2092 Sirenes
312 2029 418 2118 Argoa
434 2050 551 2093 manus
566 2029 634 2109 jam
650 2029 798 2117 fugerat,
821 2051 896 2093 ecce
1117 2050 1156 2094 ⁴⁵⁰

120 2143 264 2208 Infames
285 2144 397 2232 Scyllae
413 2143 557 2233 scopuli,
572 2141 792 2230 immanisque
810 2143 1010 2232 Charybdis,

119 2261 284 2349 Frangere
302 2258 399 2323 docta
415 2275 517 2342 rates,
534 2256 653 2322 fluctus
670 2255 711 2321 ad
728 2258 836 2322 sidera
850 2259 949 2343 tollit;

119 2377 190 2441 Hos
203 2391 316 2457 vorat,
333 2375 395 2439 hos
410 2375 566 2457 revomit,
588 2372 761 2461 fundoque
775 2389 930 2438 exaestuat
949 2376 1038 2457 imo;

119 2493 267 2556 Flamma
286 2507 400 2580 tepens
426 2492 576 2555 fervescit
597 2491 710 2579 aquis,
726 2491 920 2579 scopulique
941 2494 1069 2581 fragore

120 2608 216 2673 Astra
229 2609 313 2696 petit
328 2622 463 2688 vortex,
478 2606 614 2695 caligine
631 2604 761 2669 lucidus
776 2605 878 2668 aether
1115 2626 1154 2672 ⁴⁵⁵

119 2723 247 2801 Fuscus
261 2725 353 2802 erat,¹
366 2721 456 2811 nigra
471 2720 690 2808 compleverat
707 2718 818 2781 omnia
832 2735 948 2783 nocte:

121 2837 305 2925 Quumque
319 2835 401 2900 deus
419 2836 533 2905 hmni
549 2835 643 2899 solita
660 2849 800 2898 cessaret
812 2834 853 2898 ab
870 2852 954 2916 arte,
1048 2890 1053 2901 ,

120 2951 295 3016 Fundebat
310 2951 450 3017 calidum
468 2951 572 3039 pelagi
587 2964 695 3013 tamen
710 2948 801 3013 unda
812 2972 978 3039 vaporem.
1144 3023 1146 3026 ¹

166 3065 323 3131 Nereides
338 3081 437 3154 atque
450 3065 532 3128 alma
550 3063 662 3127 Thetis
680 3061 782 3126 modo
798 3080 937 3127 transtra
949 3058 1152 3154 gubernant,

121 3183 279 3247 Temenis
293 3182 394 3249 modo
417 3182 513 3247 dorsa
530 3194 668 3269 regunt,
687 3176 767 3241 dum
784 3195 926 3244 transeat
943 3180 1046 3244 altum
1114 3197 1154 3242 rso

120 3298 264 3387 Puppis,
279 3315 311 3362 et
326 3297 458 3362 insidias
474 3295 587 3360 divino
604 3292 727 3382 remige
748 3294 837 3357 vitet.

120 3412 198 3478 Non
213 3436 307 3477 secus
323 3436 361 3477 ac
373 3412 485 3477 blandi
504 3410 675 3499 delphines
691 3414 726 3475 in
741 3433 872 3498 aequore
886 3426 977 3473 vasto

122 3529 306 3608 Turmatim
324 3527 479 3592 comitare
499 3527 698 3615 solentvaga
717 3526 815 3589 lintea
834 3525 972 3613 puppis,

123 3644 293 3709 Assultans
309 3643 363 3706 hic
378 3643 486 3706 fronte
506 3656 622 3721 tenus;
637 3642 708 3704 salit
724 3642 805 3704 alter
818 3642 859 3703 ab
873 3664 959 3704 unca

124 3761 239 3849 Puppe
253 3760 359 3842 celer;
377 3759 461 3823 latus
479 3758 533 3822 ille
552 3772 661 3838 tenet,
674 3758 833 3845 laterique
853 3757 1052 3845 propinquat
1118 3776 1157 3822 tes

122 3875 280 3957 Blandus;
297 3891 362 3938 ate
379 3875 452 3939 navi
475 3891 681 3967 consurgunt
698 3871 816 3962 gaudia
830 3886 915 3935 tota:

123 3990 303 4055 Nereidum
324 3991 370 4055 sic
386 3989 485 4054 densa
508 3991 626 4055 cohors
648 3988 816 4055 concurrit
833 3986 875 4050 ad
888 3990 989 4076 Argo.

125 4108 196 4194 lpsa
219 4108 306 4210 qiam
323 4105 489 4173 moderata
503 4106 618 4171 Thetis
639 4119 816 4194 procurat,
829 4119 862 4165 et
880 4104 979 4167 instat

213 4240 257 4305 II.
991 4237 1031 4300 16
