2859 4975
423 321 810 444 ARGONAUTICA.
1091 371 1157 459 319

118 507 193 595 Ipse
209 527 272 595 ego
290 505 326 570 ni
343 505 473 573 cithara
491 505 592 576 versis
608 506 643 568 in
659 504 804 576 earmina
819 502 969 587 chordis,

117 621 213 702 Quos
230 636 333 684 mater
347 618 461 690 docuit
475 619 634 690 misissem
651 635 784 710 pectore
796 633 929 700 cantm3
1100 703 1105 712 1

117 735 373 824 Pangebemque
387 734 492 802 modis
512 757 644 807 suavem
657 734 887 806 resonantibus
903 733 1084 824 hymnum,
1105 747 1157 788 ¹²⁶⁵

118 852 163 914 Ut
179 851 349 940 quondam
365 851 543 942 eripedum
561 874 658 919 causa
674 851 806 918 certarit
821 873 985 940 equorum

115 967 244 1055 Jupiter
261 982 424 1038 astrorum
440 965 541 1048 deus,
557 983 591 1034 et
610 965 786 1056 Neptunus
801 989 979 1056 aquarum,

110 1081 221 1170 thue
241 1082 437 1171 Lycaoniam
454 1097 573 1153 terram
590 1080 673 1152 deus
686 1081 827 1170 equoris
842 1104 944 1150 eruco

115 1198 221 1260 lratus
236 1197 329 1266 fratri
342 1197 539 1286 percusserit
555 1195 634 1264 inde
657 1195 822 1278 tridente,

114 1313 332 1401 impulsuque
348 1313 406 1378 illo
422 1335 491 1380 sese
505 1311 679 1380 ostendere
697 1335 756 1401 per
769 1311 833 1380 elta
1106 1346 1158 1387 ¹²7⁰

114 1427 263 1516 AEquora
277 1426 428 1510 diversae,
445 1451 585 1518 quaeque
601 1429 725 1510 insula,
742 1428 1007 1510 nominetenus,

113 1541 281 1626 Sardinia,
296 1543 438 1625 Euboea,
454 1558 487 1606 et
500 1543 652 1624 Salamis,
668 1559 869 1631 ventosaque
882 1545 1022 1632 Cyprus.

114 1657 328 1746 Obstupuere
349 1681 437 1726 novo
461 1673 560 1726 cantu
575 1657 618 1728 de
636 1658 720 1724 colle
736 1658 853 1724 nivoso

114 1773 267 1854 Sirenes,
283 1773 442 1861 victaeque
458 1788 585 1856 tacent,
601 1787 635 1838 et
650 1773 794 1838 carmine
810 1789 945 1855 nestro;

113 1887 155 1950 Et
171 1886 313 1974 chelyn,
335 1902 369 1977 et
384 1885 559 1967 citharam,
574 1884 712 1974 suspirie
727 1901 861 1975 pectore
878 1886 920 1958 ab
938 1888 1008 1952 imo
1105 1898 1156 1951 ¹²⁷⁵

114 2004 306 2083 Ducentos,
322 2001 429 2080 jecere
447 2024 565 2083 manu,
588 2023 807 2090 supremaque
823 2001 881 2068 leti

112 2117 280 2204 Tempora
298 2114 402 2186 feralis
417 2114 573 2198 veniunt,
583 2107 626 2184 'et
643 2114 684 2183 ab
701 2113 807 2195 objice
823 2115 890 2181 saxi

112 2228 302 2317 Praecipites
318 2250 388 2298 sese
406 2227 440 2298 in
457 2227 591 2316 pelagus
605 2226 723 2298 misere
737 2227 963 2315 profundum

110 2343 177 2410 Sed
196 2344 336 2407 formam
352 2343 387 2409 in
404 2358 530 2431 petras,
549 2364 772 2431 generosaque
787 2364 926 2432 corpora
941 2361 1083 2415 mutant.

155 2459 248 2549 Ergo
261 2458 319 2524 ubi
337 2475 371 2535 en
388 2458 453 2531 hee
473 2457 571 2533 etiam
585 2477 686 2533 eursu
695 2457 763 2539 jam
778 2460 922 2547 praeterit
936 2461 1026 2551 Argo
1101 2484 1151 2523 nn

111 2574 347 2664 Naufragium.
361 2575 510 2671 latosque
530 2574 622 2649 sinus
635 2575 718 2663 petit
730 2577 872 2663 equoris
889 2577 964 2659 alsi,
1050 2656 1063 2680 x

115 2692 256 2778 Jamque
275 2713 333 2779 per
350 2704 480 2779 optatos
498 2689 653 2779 producit
670 2690 802 2761 carbasa
816 2708 949 2774 ventos,

112 2808 293 2893 Cercyreos
310 2805 452 2894 petimus
467 2820 602 2899 portus3
620 2827 657 2877 ea
673 2821 759 2876 tecta
780 2806 932 2877 colebant

111 2918 263 2985 Artifices
282 2934 421 3008 operum
435 2918 559 3015 pelagi,
574 2918 761 3010 puppisque
780 2920 931 3009 regendae

111 3035 285 3117 Phaeaces,
300 3033 421 3105 virtute
440 3033 541 3103 asini
560 3033 682 3122 quibus
698 3034 840 3122 inclytus
856 3036 955 3108 heros
1102 3055 1153 3094 12⁸⁵

111 3149 260 3236 Imperat
274 3148 450 3230 Alcinous,
474 3168 590 3235 regum
602 3146 801 3226 justissimus
817 3173 917 3221 unus.

110 3262 292 3328 Subductis
310 3263 402 3335 illinc
419 3261 461 3333 de
478 3262 576 3333 litore
595 3284 685 3332 sacra
701 3262 851 3333 ferebant

111 3376 282 3457 Funibus,
303 3376 506 3473 aetherioque
521 3376 613 3459 lovi,
632 3390 665 3442 et
682 3374 759 3455 tibi,
782 3378 940 3467 Delphice
953 3380 1096 3463 Phoebe,

112 3493 228 3574 Quum
248 3490 359 3563 subito
375 3491 409 3563 in
429 3506 562 3580 portum
579 3488 677 3565 deleti
693 3492 795 3566 classe
809 3494 978 3567 vehuntur

113 3607 264 3695 Remigio
277 3606 380 3679 AEetae.
398 3606 482 3695 regis
498 3629 616 3679 manus
635 3606 699 3675 alta
714 3608 861 3681 virorum
917 3668 921 3674 .
1101 3645 1154 3686 nn

114 3721 330 3803 Colchorum,
345 3721 576 3809 Furnyonque,
592 3720 834 3804 Charandaeon,
846 3721 1091 3823 Solymonque,

114 3836 158 3899 Et
173 3835 304 3924 Minyas
320 3851 490 3923 quaerunt,
505 3834 647 3903 reddant
661 3837 724 3907 sibi
741 3837 860 3911 deinde
874 3840 1042 3912 ferendam

113 3949 264 4015 Medeam
284 3950 383 4045 patris
398 3966 474 4022 ante
492 3927 620 4034 oculos,
635 3953 667 4016 in
682 3952 821 4025 Phaside
836 3956 909 4024 eaesi
951 4036 958 4044 ι

115 4065 261 4129 Pefferat
276 4082 315 4129 ut
331 4065 461 4137 meritas
481 4066 586 4137 fratris
607 4090 668 4155 pro
684 4071 844 4159 sanguine
861 4096 983 4161 poenes.
