2859 4975
463 397 844 489 Annonnumos,
1125 418 1189 485 sss

162 560 312 638 Pectora,
327 579 429 645 *quem
446 558 572 646 peperit
587 556 629 621 de
644 579 765 647 magno
780 558 936 623 Alomena
945 555 1116 633 roomo,

162 673 345 762 Liquissent
360 670 507 739 triduum
524 669 601 736 solis
619 691 724 759 quum
742 669 866 736 lumina
882 685 1002 750 terras,

161 787 402 876 Torpentisque
417 785 527 850 forent
542 785 722 878 ganesima
740 803 887 874 tenpore
906 783 1030 864 noetis3

160 902 357 992 Tiphynque
373 899 558 990 Agniaden,
575 901 671 991 longe
688 899 747 989 qui
761 902 861 966 lintea
875 899 996 989 puppis

160 1017 340 1106 Dirigeret‚
354 1032 433 1080 tuno
451 1037 486 1081 se
502 1037 654 1081 exeroeus
673 1013 814 1081 ooniinia
826 1015 919 1095 juxta

160 1131 354 1221 Thespiaoe,
368 1147 402 1197 et
416 1131 548 1220 pelago,
565 1147 599 1194 et
611 1129 744 1194 Telmisi
760 1129 889 1219 navigat
904 1127 1013 1197 uadis.

161 1247 270 1312 isfuit
287 1245 468 1311 horrisonis
485 1247 642 1333 serisque
660 1245 791 1313 obstare
808 1243 958 1332 proeellis
1155 1260 1193 1300 12⁵

160 1362 308 1443 Doctus,
324 1376 357 1426 st
372 1359 414 1424 sd
427 1375 516 1424 tutos
533 1362 621 1448 Argo
639 1357 817 1447 psrdaoere
832 1371 959 1445 portos.

161 1477 348 1558 Polluoem,
364 1491 462 1564 atque
476 1475 626 1563 equitum
641 1472 840 1540 domitorem
856 1475 989 1538 Castora
1007 1474 1095 1537 novi.

160 1591 203 1655 Et
217 1605 270 1672 te,
286 1589 419 1678 Mopse,
437 1588 520 1670 adii,
539 1587 711 1670 litaretis,
727 1587 897 1676 splendida
913 1587 1006 1652 orlon

159 1704 341 1768 Chaoniam
359 1704 485 1793 peperit
502 1725 601 1791 quem
617 1702 730 1768 subter
746 1702 903 1792 drogonis
922 1702 1046 1767 altrum.

159 1820 319 1886 Praeterea
333 1818 489 1884 AEaoiden
506 1819 665 1884 illustrem
678 1819 792 1900 Pelea,
810 1833 907 1906 partu
1155 1837 1192 1876 m,

159 1933 316 2024 AEgines,
339 1934 506 2022 Dolopum
524 1933 643 1998 Phthia
659 1934 717 2022 qui
729 1949 844 2022 regnat
857 1934 892 1996 in
906 1933 1000 1997 urbe.

159 2048 316 2115 Merourii
327 2068 488 2138 ,generoso
503 2048 601 2136 patris
618 2048 679 2112 tria
696 2049 835 2138 pignore
850 2046 937 2111 vidi:

159 2160 366 2243 AEthaliden,
380 2161 441 2226 sibi
457 2181 555 2250 quem
569 2161 709 2252 genitrix
723 2161 800 2226 tulit
811 2161 1003 2249 Eupolemia

159 2275 398 2364 Myrmidonis,
416 2298 536 2340 saxosos
551 2277 675 2365 Alopes·
688 2277 724 2340 in
740 2276 909 2342 montibus
921 2277 1033 2340 urbis:

160 2390 320 2473 Euriton,
343 2383 576 2480 egregiumque
591 2391 758 2472 Echione,
774 2413 864 2479 quos-
873 2391 937 2456 sibi
951 2389 1116 2479 quondam
1158 2410 1194 2447 1³⁵

159 2506 308 2571 Laotboe
322 2506 439 2571 Mereti
452 2508 566 2597 genuit
579 2508 754 2573 commixta
771 2508 895 2594 puella,
947 2583 951 2589 ,

159 2620 315 2689 Mercurii
331 2620 460 2685 soboles
477 2622 620 2711 Cyllenia
633 2632 735 2712 regne
750 2623 903 2686 tenentis.

159 2734 212 2798 Tu
230 2735 344 2817 simul,
358 2735 530 2817 Aotorid03
546 2751 584 2799 tu
594 2784 607 2818 ,.
623 2737 797 2824 Bnphage,
815 2752 890 2801 nete
908 2736 1060 2817 Corono;

160 2850 307 2938 Iphiclus
329 2866 362 2914 et
378 2850 511 2940 Phylaci
530 2850 643 2914 divum
661 2872 764 2940 genus
780 2851 875 2916 affuit
890 2874 968 2915 una.

159 2966 278 3052 Tuque
297 2965 392 3033 etiam
411 2964 574 3045 AEneade,
593 2966 784 3054 Phoeboque
802 2966 981 3047 simillime,
994 2968 1102 3032 Butes.
1157 2988 1195 3029 m»

160 3078 293 3143 Transit
310 3078 505 3147 Abantiades
520 3080 633 3168 Euripi
651 3078 747 3144 litem
765 3082 926 3162 Canthus,

163 3194 273 3276 Quem
291 3194 397 3259 Parooe
410 3195 568 3259 domuere
584 3216 711 3283 graves,
730 3196 913 3284 Libyesque
929 3220 987 3285 per
1003 3220 1078 3262 arva
1145 3184 1148 3188 ²

162 3309 391 3376 Immemorem
411 3309 535 3375 reditus
553 3332 642 3375 mors
658 3302 853 3398 intempesta
868 3312 1017 3399 peremit.
1075 3354 1087 3367 -

160 3422 261 3488 Venit
276 3439 308 3489 et
323 3426 454 3491 Alconis
474 3424 597 3514 AEsepo
614 3425 670 3491 ebs
689 3446 785 3490 amne
798 3425 971 3502 Phaleron,

161 3538 343 3627 Gyrtonem
358 3540 471 3606 validis
490 3542 592 3606 muris
608 3542 665 3629 qui
681 3538 830 3608 condidit
847 3541 975 3605 urbem.
997 3558 1001 3563 ’
1159 3562 1196 3608 us
1287 3598 1294 3606 .

162 3652 291 3740 Iphitus
307 3655 368 3719 hos
382 3655 531 3743 sequitur
547 3654 588 3719 de
604 3670 637 3719 te
651 3670 759 3744 patre,
774 3656 917 3739 Nabole,
931 3671 1044 3737 natus,

161 3765 337 3831 Phocensis
357 3769 500 3834 retinens
519 3769 644 3833 turritae
666 3786 792 3858 soeptm
811 3770 994 3861 Tanagrss5

162 3880 414 3972 Leodocusque,
430 3885 611 3973 Alausque,
628 3900 661 3949 et
671 3885 805 3967 Areios,
820 3886 941 3976 inolyta
957 3888 1086 3975 proles,

162 3997 211 4061 De
228 3998 314 4064 Pero
335 4000 455 4089 geniti,
474 4000 665 4089 etproeolari
685 4024 817 4090 germen
835 4001 990 4083 Abantis,

72 4110 75 4117 ’
162 4110 412 4203 Iphidamasque
426 4116 497 4183 Alei
506 4104 602 4181 'venit
618 4114 716 4201 (nom
734 4117 822 4195 jussa
840 4117 982 4204 patentis
1161 4137 1197 4174 1⁵⁰
1301 4119 1304 4131 ¹
