2859 4975
243 391 308 464 3ra
683 398 877 463 ORPHEI

288 529 400 592 Insula
415 526 572 591 Poeauthc
588 525 691 590 fessos
708 530 855 617 excepit,
875 544 909 593 at
926 529 1013 593 illam

288 642 433 708 Adverso
451 641 548 704 remis
564 641 768 708 circumdant
787 642 921 708 flumine
939 666 1038 708 cursu

287 757 418 847 Ingenti
437 754 569 838 Phasis,
590 758 835 847 tranquilloque
850 781 947 822 amne
964 760 1139 847 Saranges,

249 847 251 866 Ι
289 871 399 952 Quem
416 885 586 959 stagnante
601 871 694 957 palus
713 871 840 936 Maeotis
857 873 986 962 gurgite
1004 873 1107 937 latum

288 985 404 1074 Sparsa
426 1007 485 1074 per
501 983 643 1073 irriguos
662 986 852 1051 transmittit
866 987 902 1050 in
918 1009 1050 1074 aequora
1064 1007 1210 1074 campos.

333 1101 427 1174 Tunc
444 1122 522 1189 ergo
538 1097 652 1163 obnixi
668 1100 768 1165 remis
780 1116 963 1188 ⁴noctesque
979 1100 1115 1188 diesque

288 1213 480 1294 Currimus3
496 1213 576 1277 hinc
589 1213 699 1279 fauces
713 1231 884 1303 cogentem
901 1219 1071 1303 Bosporon
1085 1230 1188 1280 arctas
1274 1235 1323 1281 104⁵

287 1328 521 1411 Transilimus,
538 1345 634 1393 tauro
654 1329 750 1393 Titan
768 1329 828 1423 ubi
849 1329 976 1394 fortiter
993 1351 1074 1394 usus
1101 1374 1110 1396 ‚
1130 1407 1136 1412 ῃ
1180 1340 1195 1365 ”

190 1519 191 1522 ¹
287 1445 426 1524 Trajecit
449 1443 586 1508 fluvium
607 1443 758 1508 facientia
777 1460 889 1533 stagna
904 1422 1093 1531 palustrem.

287 1560 374 1624 Hinc
388 1559 453 1639 jam
472 1558 609 1648 remigio
624 1559 741 1648 longos
762 1559 901 1623 faciente
916 1558 1042 1622 labores
1066 1594 1069 1599 <

288 1674 424 1739 Maeotas
442 1673 561 1738 tunicis
577 1673 685 1761 primo
701 1673 924 1762 contingimus
942 1672 1036 1752 altis,

290 1789 426 1859 Finibus
452 1804 484 1852 et
498 1789 595 1852 vastis
613 1788 775 1852 immenso
795 1787 886 1852 crine
904 1786 1067 1866 Gelonos,
1276 1802 1325 1840 1⁰5⁰

289 1904 579 1990 Sauromatasque,
601 1902 783 1990 Getasque,
800 1901 995 1988 Gymnaeos,
1013 1899 1287 1987 Cceryphasque,

289 2021 498 2107 Arsopasque
518 2018 619 2082 feram
641 2033 790 2106 gentem,
808 2037 974 2102 saevosque
991 2012 1206 2093 Arimasthas,

291 2137 359 2221 Qui
375 2138 496 2226 positas
513 2136 663 2200 habitant
684 2136 807 2200 circum
824 2133 976 2198 Maeotida
990 2148 1101 2196 terras.

334 2255 394 2316 Ast
411 2252 470 2316 ubi
492 2249 686 2316 inexhausto
703 2250 934 2314 contristavere
952 2249 1063 2312 labore

291 2365 360 2430 Nos
377 2365 504 2453 superi,
525 2381 558 2428 et
574 2380 670 2428 vastae
684 2363 767 2429 vada
782 2381 861 2428 sunt
877 2365 1065 2428 transmissa
1082 2360 1230 2451 paludis,
1278 2377 1325 2416 10⁵⁵
1415 2338 1416 2369 ³

287 2482 350 2547 vix
366 2479 498 2547 tandem
516 2480 614 2546 exitio
634 2481 809 2569 eripimur,
824 2481 1032 2570 pulsantibus
1047 2482 1136 2569 Argo

293 2597 449 2662 Demissis
464 2597 603 2683 tabulis,
617 2613 650 2662 et
662 2597 730 2677 jam
747 2596 905 2661 stridente
921 2598 1038 2662 muna.

294 2711 378 2776 lude
395 2711 457 2775 sub
471 2711 615 2793 Arctois,
632 2728 773 2801 augusto
788 2728 880 2799 rapta
896 2728 1025 2793 meatu,

293 2827 431 2892 Finibus
451 2848 611 2889 oceanum
627 2848 740 2891 versus
757 2826 940 2914 prolabitur
953 2827 1041 2915 Argo
1054 2849 1064 2907 3

295 2939 421 3005 Defessi
438 2956 618 3027 noctesque
636 2962 756 3003 novem
778 2939 917 3004 totidem
934 2962 1068 3028 quoque
1085 2939 1188 3021 soles,
1279 2961 1325 2999 ¹⁰6⁰

296 3052 492 3140 Linquimus
507 3051 586 3116 hinc
600 3069 698 3141 atque
711 3054 790 3119 hinc
803 3055 931 3143 ignotas
947 3054 1082 3118 nomine
1097 3070 1231 3143 gentes,
1295 3130 1299 3133 ⁴

295 3168 419 3231 Pacton
430 3215 440 3250 ,
453 3169 664 3255 Arcteonque
680 3167 986 3257 genus,1eliosque
1000 3166 1141 3248 feroces,

297 3279 538 3368 belligerosque
553 3280 688 3368 Scythas
705 3280 841 3346 devotos
856 3298 989 3370 pectora
1005 3282 1120 3363 Marti,

299 3394 412 3481 Atque
421 3410 529 3459 truces
543 3394 686 3477 Tauros,
701 3395 845 3461 crudelia
858 3417 948 3461 sacra
965 3376 1106 3461 ferentes

299 3508 389 3573 Divae
406 3509 550 3573 Hecatae:
566 3509 714 3573 humano
732 3511 900 3598 complent
912 3526 1036 3575 cratera
1052 3533 1180 3577 cruore.
1282 3529 1327 3567 10⁶⁵

301 3625 390 3707 Quin
410 3641 444 3711 et
462 3623 691 3713 Hyperboreos
707 3623 872 3689 Nomadas
891 3641 926 3689 et
942 3625 1058 3712 Caspia
1071 3625 1221 3689 claustra.

346 3742 454 3828 Atque
468 3740 528 3803 ubi
546 3738 619 3807 dira
633 3739 721 3805 diem
734 3740 802 3821 jam
821 3742 945 3805 clarum
960 3762 1079 3823 aurora
1096 3740 1241 3824 revexit,

299 3856 472 3943 Rhiphaeas
488 3856 586 3921 valles
601 3857 809 3947 attingimus,
824 3855 901 3920 inde
914 3870 1048 3945 repente

301 3970 433 4036 Prosilit
447 3971 576 4060 angusti
591 3972 712 4060 puppis
728 3994 787 4059 per
803 3971 899 4036 litora
914 3970 1027 4059 ponti,

304 4087 537 4175 Oceanumque
552 4085 661 4151 intrat·
682 4086 854 4168 Saturnius
872 4087 942 4175 ipse
956 4099 1090 4160 vocatur
1215 4142 1219 4148 .
1284 4109 1328 4147 ¹⁰7⁰
