2859 4975
251 371 890 494 Ancounuricoutrnvur.
1053 407 1113 494 195
1201 421 1204 426 ·

125 535 223 600 Haud
242 536 287 601 ita
301 535 358 600 sed
374 559 505 602 summo
527 538 633 626 segnis
656 537 748 602 sedet
766 539 886 602 aethere
903 540 920 603 J
924 561 1009 621 uno;

86 648 180 714 Haud
193 649 271 713 sinit
286 665 428 714 extrema
444 651 573 738 Minyas
593 650 769 716 decernere
786 675 913 741 pugna,

85 764 151 828 Nec
168 787 309 828 numero
327 765 484 852 quoniam
500 765 646 847 Colchis,
664 787 726 829 nec
741 767 927 855 puppibus«,
941 789 1064 856 aequos.
1077 789 1116 828 ³20

84 882 170 970 Ergo
187 879 246 943 uhi
261 879 334 946 diva
349 895 433 944 rates
451 881 646 968 hostemque
663 880 817 944 accedere
832 883 953 964 cernit,

87 998 159 1086 lpsa
175 996 265 1060 subit
281 1012 397 1076 terras,
426 1011 721 1084 tempestatumque
738 997 887 1086 refringit

87 1112 336 1197 Ventorumque
355 1109 496 1175 domos:
516 1111 688 1176 volucrum
706 1133 785 1200 gens
805 1111 936 1177 turbida
951 1113 1089 1179 fratrum

85 1226 240 1314 Erumpit
258 1249 266 1289 ε
284 1225 417 1290 classem
437 1224 549 1290 dextra
566 1225 718 1290 Saturnia
734 1242 904 1292 monstrat.
1050 1222 1053 1228 ’

59 1363 63 1378 ·
86 1338 223 1421 Videre,
243 1338 344 1426 inque
360 1360 464 1402 unum
483 1338 603 1427 pariter
618 1361 706 1402 mare
723 1340 876 1426 protinus
892 1363 1007 1407 omnes
1081 1359 1118 1399 ³2⁵

87 1455 210 1518 infesto
232 1453 371 1523 clamore
389 1469 508 1534 ruunt,
532 1453 730 1543 inimicaque
747 1455 877 1519 Colchis

88 1569 253 1656 AEquora,
270 1584 303 1632 et
320 1567 471 1633 adversos
491 1584 625 1634 satuunt
642 1593 661 1632 a
679 1569 774 1634 litore
789 1567 919 1635 fluctus.

132 1685 291 1766 Tollitur,
307 1699 404 1772 atque
420 1684 507 1748 intra
524 1684 653 1772 Minyas
670 1686 842 1774 Argoaque
860 1687 929 1750 vela

89 1799 192 1863 Stirus
212 1799 298 1880 abit;
315 1815 406 1863 vasto
423 1802 537 1864 rursus
554 1797 673 1864 desidit
688 1799 784 1864 hiatu

77 2005 130 2052 ³18.
142 2003 190 2052 Sed
198 2003 363 2054 oetlrere.Vatic.
373 2004 425 2052 cod.
435 2020 479 2066 pro
490 2004 554 2051 sedet
564 2003 653 2058 oetlem,
667 2001 823 2066 primasvoois
833 2005 881 2051 fine
890 2022 903 2051 a
915 2007 1023 2068 sequenti
1035 2009 1120 2055 absor-

47 2093 94 2143 pto.
111 2085 161 2130 Sed
177 2085 208 2128 ab
224 2084 311 2129 uthere
329 2085 419 2129 Bonou.
439 2083 492 2129 cod.
513 2081 561 2129 Sed
576 2098 658 2128 somno
671 2085 756 2144 segnis.
767 2083 867 2144 lingent.
884 2111 915 2120 -
933 2085 986 2147 319.
996 2088 1046 2132 Aul
1060 2089 1120 2135 sinrl.

50 2162 120 2209 latio.
133 2161 187 2209 cod
199 2162 253 2208 Ald.
265 2163 364 2222 lingent
383 2187 415 2195 —
427 2160 480 2208 320.
496 2162 542 2208 Nec
555 2175 648 2205 numero
665 2176 760 2206 centens
775 2159 868 2206 count.
881 2161 980 2208 aldinus
992 2173 1121 2211 corrector.

48 2267 75 2277 -
93 2243 148 2290 325.
167 2245 244 2304 Inque
263 2257 341 2288 unum.
357 2241 432 2288 Vatis.
451 2240 504 2286 cod.
525 2248 549 2286 et
567 2240 672 2301 reposuit
690 2241 804 2301 Wagner.
825 2245 947 2288 Verrentee
965 2244 1044 2289 unum.
1065 2244 1121 2291 ald.

49 2346 75 2356 -
91 2323 147 2382 327.
160 2325 266 2384 AEquora
278 2338 320 2366 nee
334 2336 422 2367 aereos.
436 2322 495 2366 Bou.
510 2319 565 2366 cod.
578 2345 608 2356 -
621 2320 1122 2380 329.1)estd0evu.cod.oesedn.ttusr.

49 2402 146 2464 Eugent.
156 2403 223 2448 carr.
235 2401 363 2449 Descendit.
377 2401 431 2446 tlt.
447 2401 491 2447 En.
657 2403 662 2422 ¹
731 2409 736 2417 '

81 2580 338 2634 318-320.11audita
352 2580 566 2648 sedsegnissum·
604 2582 655 2648 pit,
674 2581 750 2645 inque
771 2598 845 2629 unum
862 2578 920 2646 (sic
947 2580 1053 2650 reposui
1074 2569 1129 2652 prii¹

46 2680 83 2711 rno
97 2666 172 2712 sedet
182 2664 270 2713 attere
285 2666 358 2712 luno.
371 2659 440 2711 Mire
457 2659 566 2711 turbant
609 2663 696 2719 imum,
713 2658 825 2729 jubente
841 2659 1013 2725 Burmanno,
1028 2660 1075 2730 qui
1087 2679 1127 2713 re-

46 2738 72 2791 in
86 2741 140 2792 hoo
153 2738 213 2792 loco
228 2741 400 2810 interpretes,
413 2739 441 2790 in
455 2758 508 2809 quo
523 2750 561 2789 ta·
609 2748 650 2789 cte
663 2750 766 2799 monet,
780 2744 809 2792 τὸ
818 2756 902 2789 omnes
916 2738 1021 2808 exigere
1031 2745 1124 2809 unum)

45 2836 106 2873 men
129 2838 163 2871 ue
183 2818 287 2871 literula
307 2817 415 2889 quidem
435 2816 562 2871 mutanda
601 2820 698 2886 pariter
717 2837 787 2869 mare
799 2820 913 2885 pmtinus
931 2837 1015 2869 omnes
1033 2820 1123 2887 infesto

45 2899 118 2951 venit
129 2940 136 2965 ,
148 2898 171 2951 si
189 2917 251 2949 cum
270 2895 485 2950 antecedentibus
501 2898 562 2968 jun·
605 2902 729 2959 elamore,
741 2897 844 2961 sonitu,
856 2896 934 2963 flatu,
946 2901 1124 2959 murannimal

44 2996 108 3047 gas,
120 2988 146 3029 et
158 2978 238 3029 rerba
251 2976 285 3028 ita
301 2975 422 3028 ordines:
435 2978 484 3027 Sed
492 2979 563 3027 laud
605 2996 685 3043 eaque
696 2979 791 3029 Colchis
804 2996 921 3043 equora,
932 2989 958 3029 et
972 2975 1056 3029 altum
1066 2995 1122 3029 ma-

45 3058 78 3107 ita
95 3058 193 3125 segnis,
207 3057 309 3115 otiosa,
328 3068 358 3107 ut
372 3053 485 3117 Medea,
500 3074 559 3127 quae
605 3073 651 3118 re,
676 3072 700 3106 et
717 3059 833 3107 adversos
853 3070 975 3117 stantune,
994 3056 1123 3121 excitant,

45 3136 94 3189 soli
106 3134 195 3187 dolori
203 3133 361 3205 indulgeret,
371 3138 439 3185 sedet
447 3134 462 3185 J
464 3152 526 3186 uno.
606 3154 623 3184 a
632 3137 702 3186 litore
703 3138 799 3206 fluctm
810 3137 965 3202 (Brundung
971 3137 990 3201 )
997 3134 1105 3186 -Vide
1114 3171 1122 3196 ,

82 3213 560 3284 319.Haudsiniteatrema,ancipiti,
607 3231 708 3284 queso,
723 3232 803 3286 quam
824 3212 915 3284 rapide
936 3214 1027 3265 omnia
1046 3232 1124 3284 agan·
1187 3240 1190 3245 ·

46 3296 163 3347 maxime
177 3294 340 3365 periculosa,
361 3298 460 3359 Minyas
478 3294 563 3344 decer·
606 3304 665 3344 tur:
681 3293 753 3344 Juno
773 3294 888 3359 refringit
905 3291 1036 3356 claustra,
1051 3292 1122 3344 renti

46 3395 104 3426 nere
113 3393 215 3443 pugna.
606 3386 752 3441 erumpunt,·
767 3385 889 3423 monstrat
905 3370 1016 3423 classem
1033 3372 1122 3423 Satur·

82 3452 208 3523 321-327.
224 3452 265 3504 En
284 3471 347 3523 ergo
367 3450 444 3503 deam
461 3470 492 3504 ex
508 3470 563 3504 ma·
605 3450 689 3503 nia...
704 3453 830 3504 uidere...
842 3452 955 3518 protinus
965 3460 990 3502 et
1002 3470 1086 3502 omnes
1098 3467 1123 3503 et

45 3534 125 3585 thina
135 3534 279 3585 Junonem.
292 3526 365 3599 Ipisu,
381 3532 457 3584 AEolo
470 3530 560 3603 negle-
602 3534 698 3597 pariter
710 3543 737 3583 et
749 3534 775 3581 in
790 3549 864 3581 renum
878 3549 958 3592 mare,
970 3548 1053 3582 unam
1066 3531 1123 3583 cteli

45 3623 107 3675 cto,
122 3623 179 3665 erat
198 3611 268 3671 enim
280 3610 429 3681 periculum
443 3610 470 3661 in
485 3628 562 3663 mora
605 3612 728 3682 plagam,
742 3625 857 3661 neunt...
876 3608 972 3661 fluctus
991 3622 1017 3662 et
1030 3610 1123 3663 inulto
1209 3680 1213 3685 ι

44 3695 54 3759 (
63 3692 104 3745 sic
118 3691 176 3763 ipso
186 3692 253 3743 Jove
263 3690 343 3743 inrito
354 3689 466 3741 fulmina
476 3690 561 3754 torsit,
589 3760 591 3765 Α
606 3692 671 3740 mari
679 3700 705 3741 et
714 3694 751 3739 acl
761 3692 832 3740 litora
842 3690 947 3756 erigunt,
962 3690 969 3702 ⁸

43 3773 76 3834 Ι,
96 3772 180 3839 116),
199 3772 254 3838 ipsa
275 3772 340 3820 subit
351 3770 433 3837 (alias
455 3770 562 3837 labiarr)
645 3769 769 3822 tas-368,
781 3767 854 3819 Nihil
861 3779 954 3837 ⁸motus
965 3768 1032 3833 hac,
1043 3788 1124 3840 quam

42 3866 141 3910 terras,
157 3863 373 3918 tempestatumque
386 3850 497 3917 refringit
505 3866 564 3899 aren·
607 3846 705 3902 vividis
715 3846 850 3899 coloribus
860 3858 938 3917 poeta
946 3847 1050 3919 pingit,
1061 3861 1126 3901 tem-

40 3946 175 3997 torumque
189 3933 275 3980 domos
284 3930 294 3995 (
303 3931 379 3979 nimbi
393 3932 511 3995 arentique
522 3932 565 3978 do·
607 3939 707 3999 pestate
725 3926 831 3988 Stirus,
849 3925 884 3977 ad
915 3928 1126 3999 recuperandam

41 4028 112 4067 mos,
135 4009 165 4073 Ι,
181 4008 250 4072 584;
265 4026 345 4078 quem
363 4008 452 4060 locum
480 4006 564 4057 omni·
609 4024 733 4075 sponsam
758 4024 849 4058 omnes
872 4006 987 4058 intendit
1010 4025 1125 4071 nervos;

41 4108 79 4140 no
95 4087 219 4140 conferas
233 4087 310 4139 velim
321 4091 348 4157 ):
360 4091 489 4137 uolucrum
500 4106 564 4155 gens
610 4084 717 4138 tandem
731 4083 854 4137 fluetibus
871 4084 1006 4156 mergitur.
1021 4089 1128 4155 Tollitur,

39 4167 133 4237 (alias,
138 4167 256 4235 populus)
263 4168 359 4217 turbida
364 4166 477 4235 fratrum
488 4184 567 4217 erum·
611 4178 686 4233 atque
706 4168 774 4217 intra
795 4167 898 4230 Minyas
918 4170 1056 4235 Argoaque
1069 4172 1130 4219 vela

947 4261 996 4324 13.
