2859 4975
314 433 442 509 novi
472 443 722 538 antropus
752 443 915 514 uorsa.
1088 468 1151 535 ,η

80 558 172 612 larum
183 557 254 612 lutus
267 555 338 622 dici,
352 557 428 630 quod
444 557 654 629 ingredientibus
667 561 784 614 Pontum
796 577 844 630 per
856 555 1028 630 Bosphorum
1040 569 1097 612 erat
1109 559 1153 612 lu·

79 659 158 706 vum,
168 653 199 694 ut
210 641 297 694 iuerat
306 659 399 695 revera
410 641 498 713 prima
511 640 692 714 navigatione.
703 645 745 697 Its
753 642 851 701 centies
860 641 975 696 Ovidius
983 642 1013 696 iu
1022 642 1154 698 'lbistibus

80 737 144 780 etex
154 730 251 791 Ponto,
264 728 387 776 sinistrum
397 735 423 778 et
431 729 517 778 mum
526 726 640 780 Pontum
649 725 725 780 dicit.

113 856 146 910 V.
158 855 210 926 189
216 889 597 911 ......................
612 861 670 909 inde
680 877 810 926 sequemur

221 942 300 1009 Ipsius
314 941 393 990 amnis
408 939 462 1001 iter,
476 943 554 992 donec
565 960 609 992 nos
612 945 723 1014 flumine
732 938 798 993 certo
894 998 898 1004 ,

220 1024 346 1092 Petfsrat,
357 1025 431 1091 inque
442 1025 515 1078 athad
524 1027 614 1076 reddat
624 1043 703 1078 mare.
772 1052 774 1057 ¹

81 1131 123 1185 Sic
133 1131 290 1204 Wagnerus
301 1148 308 1184 τ
323 1130 464 1186 «Humani
475 1131 520 1186 hio
532 1131 610 1188 aliud
619 1131 718 1190 accidit
730 1133 858 1198 Valerio;
871 1131 934 1188 vide
944 1134 1105 1188 Dorvilliurn
1119 1133 1156 1188 ad

82 1216 216 1270 Chariton.
230 1235 292 1289 pag.
305 1216 420 1289 r6r,qui
433 1216 588 1270 Danubium
598 1217 628 1270 in
642 1215 808 1272 Adriaticum
828 1235 937 1290 quoque
955 1235 1028 1272 mare
1048 1217 1157 1272 effluere

81 1298 203 1353 credidit.
221 1298 302 1353 Haud
320 1300 367 1352 abs
384 1317 415 1352 re
436 1299 530 1364 fuerit,
552 1300 605 1355 huc
624 1301 768 1354 facientem
786 1299 956 1373 adscripsisse
968 1301 1058 1355 locum
1075 1301 1157 1356 Plinii

82 1383 145 1436 Hist.
159 1385 223 1438 Nat.
241 1383 295 1450 III,
313 1385 365 1436 ai:
386 1408 399 1427 α
410 1381 515 1437 Istriam
536 1385 751 1455 cognominatam
764 1405 778 1437 a
793 1385 903 1440 flumine
920 1387 990 1440 Istro
1007 1387 1037 1440 in
1047 1386 1158 1439 Adriam

81 1467 203 1520 effluente
218 1486 232 1520 e
245 1467 367 1520 Danubio
377 1485 494 1520 amne...
507 1467 628 1540 plerique
637 1469 728 1523 dixere
741 1469 809 1524 falso
823 1471 926 1524 :nullus
937 1470 1011 1524 enim
1022 1489 1056 1523 ex
1066 1475 1157 1524 Danu-

80 1552 124 1605 bio
136 1551 223 1614 amnis
236 1551 264 1603 in
275 1569 349 1605 mare
358 1550 522 1606 Adriaticum
533 1553 687 1608 effunditur.
697 1557 829 1626 Deceptus
839 1553 939 1619 credo,
950 1554 1078 1628 quoniam
1088 1560 1158 1624 Argo

81 1639 146 1688 navis
157 1635 269 1689 flumine
278 1635 306 1690 in
316 1655 389 1690 mare
397 1635 562 1692 Adriaticum
573 1636 721 1703 descendit,
731 1657 788 1692 non
795 1640 890 1711 procul
898 1641 1023 1711 Tergesta
1030 1640 1157 1708 (mnae),

81 1739 127 1773 nec
134 1723 190 1794 jam
200 1732 320 1784 constat,
332 1739 385 1793 quo
398 1719 517 1774 flumine.
531 1721 656 1784 Homeris
669 1735 815 1778 travectam
826 1724 908 1796 Alpes
917 1723 1097 1794 diligentiores
1106 1734 1159 1775 tra·

81 1803 162 1870 dunt;
177 1804 290 1858 subiisse
304 1818 394 1858 autem
407 1807 493 1869 Istro,
506 1805 568 1858 dein
581 1807 663 1873 Savo,
677 1806 739 1860 dein
754 1808 903 1881 Nauporto,
915 1807 959 1862 cui
972 1825 1070 1860 nomen
1084 1825 1115 1860 ex
1127 1825 1160 1860 ea

81 1905 157 1942 mma
172 1898 230 1954 est,
243 1888 313 1942 inter
324 1892 468 1944 AEmonam
481 1887 616 1962 Alpesque
627 1891 755 1943 exorienti
763 1917 785 1945 ι.
869 1955 875 1970 .

113 2024 149 2076 V.
164 2029 225 2092 194.
237 2028 282 2075 Sat
298 2026 371 2084 milri,-
388 2043 439 2076 non
458 2027 514 2076 totis
531 2028 601 2092 Argo
619 2027 684 2076 redit
701 2045 758 2076 eoae
775 2029 905 2092 corymbm
916 2057 951 2068 —
963 2029 1024 2081 Non
1039 2044 1107 2099 opus
1121 2037 1162 2094 est

82 2107 166 2180 ellipai
177 2123 185 2160 t
196 2118 283 2160 textus
296 2119 381 2178 potest
395 2107 433 2161 sic
451 2107 598 2180 explicari:
614 2120 655 2162 sat
671 2120 710 2162 est
729 2109 812 2178 mihi,
825 2110 900 2182 quod
914 2110 1055 2184 Argonou
1067 2109 1160 2165 redeat

82 2211 140 2246 cum
152 2191 218 2246 totis
233 2191 376 2264 corymbis.
418 2255 421 2264 .

114 2326 149 2379 V.
161 2327 224 2380 208.
237 2329 288 2390 iiia
302 2327 435 2377 Thoanteae
450 2327 538 2378 mansu
549 2327 641 2397 defleta
654 2329 803 2379 Drinum-c
813 2327 924 2400 Vulgati
935 2326 1035 2379 habeut
1048 2329 1080 2377 de
1111 2345 1157 2388 aa,

81 2399 154 2482 quod
164 2429 221 2463 non
236 2409 297 2463 satis
310 2421 410 2463 attento
421 2407 507 2463 videri
524 2409 609 2480 possit
627 2409 759 2481 respicere
777 2409 813 2464 ad
833 2411 1031 2484 prominentem
1041 2410 1069 2462 in
1084 2426 1157 2464 mare

80 2496 277 2549 Chersonesum
291 2494 446 2555 Tauricam.
460 2493 584 2547 Valerius
604 2507 693 2547 autem
715 2512 770 2547 non
791 2494 826 2548 de
845 2495 901 2549 sola
919 2494 1021 2549 Medea.
1038 2506 1159 2547 transre-

81 2578 166 2631 ctione
189 2577 319 2649 loquitur,
341 2576 388 2631 sed
404 2576 438 2630 de
457 2576 700 2645 commiseratione,
715 2597 769 2650 qua
781 2580 883 2650 ubique
903 2591 1012 2651 excepta
1031 2578 1082 2630 sit:
1098 2596 1158 2649 qun

81 2662 317 2716 commiserationis
331 2660 409 2714 notio
417 2680 501 2734 quum
515 2661 544 2713 in
554 2660 723 2733 precedente
736 2666 884 2715 miseram
891 2683 944 2716 non
958 2665 1047 2715 minus
1056 2703 1064 2727 ,
1078 2680 1159 2733 quam

81 2747 107 2800 in
128 2746 301 2819 sequentihus
322 2760 423 2797 rnoercnt
443 2756 469 2797 et
490 2760 617 2796 moventur
632 2746 709 2798 obvia
727 2746 778 2813 sit,
797 2746 889 2800 eadem
902 2747 930 2799 in
945 2746 1078 2800 versiculo
1089 2746 1159 2799 inter

81 2832 140 2885 illos
154 2830 245 2883 medio
256 2831 347 2884 abesse
357 2849 411 2883 non
421 2841 513 2900 potest.
524 2828 605 2882 Haud
618 2828 738 2883 dubitari
748 2829 827 2901 igitur
839 2830 867 2883 in
878 2842 980 2883 textum
990 2829 1108 2902 recipere
1117 2832 1160 2879 dc-

75 2922 152 2987 ficta,
165 2913 242 2988 quod
252 2914 335 2968 codex
345 2914 443 2985 Regiam
457 2925 484 2966 et
494 2912 590 2966 Aldina
605 2914 759 2986 praeierunt.
770 2916 828 2967 Jarn
842 2934 905 2968 vero
917 2915 1013 2980 habes,
1021 2932 1080 2985 quas
1092 2912 1160 2966 desi·

82 3001 200 3065 deratur,
210 2998 447 3053 commiserationis
459 2995 563 3050 ideam:
578 2997 691 3051 defletur
702 2997 807 3069 abipsa
819 3002 904 3050 Diana
916 2997 1047 3063 Taurica,
1064 2999 1159 3048 Thoan-

82 3102 121 3139 tea
134 3086 198 3139 ideo
210 3084 281 3138 dicta
292 3125 299 3151 ,
309 3082 384 3156 quod
394 3083 538 3149 Thoantis,
550 3082 631 3153 patris
641 3083 802 3156 Hypsipyles
814 3082 930 3136 Lemniae
940 3080 991 3150 (de
1000 3100 1056 3153 quo
1064 3082 1140 3152 plura
1151 3121 1159 3146 ,

82 3170 125 3224 lib.
137 3171 179 3236 11,
191 3169 245 3233 418
257 3164 599 3241 sq.),setate,1phigenium
613 3184 645 3219 eo
656 3166 846 3237 transtulerat(
856 3164 1003 3219 videOvid.
1013 3184 1046 3219 ex
1056 3164 1158 3230 Ponto,

81 3254 175 3317 111‚2‚
191 3252 225 3320 ⁵9
239 3250 302 3322 sq.);
316 3249 394 3302 fletur
406 3268 480 3316 vero,
489 3260 621 3321 quatenus
637 3249 721 3303 Diana
735 3249 827 3303 eadem
841 3264 879 3302 est
891 3268 950 3322 quae
964 3249 1074 3313 Hecate,
1086 3251 1161 3321 cujus

82 3334 208 3389 sacerdos
220 3334 306 3387 fuerat
323 3331 437 3400 Medea,
449 3334 484 3400 V,
499 3340 560 3399 240,
574 3344 600 3385 et
612 3333 687 3387 alibi·
695 3359 708 3379 »v
723 3338 759 3374 -’-
771 3333 816 3387 stc
830 3332 1001 3404 Wagnerus,
1013 3334 1090 3403 cujus
1102 3332 1162 3403 opi·

82 3419 190 3472 nionem
204 3417 342 3470 confirmat
355 3417 401 3469 ille
414 3418 506 3481 locus,
517 3417 545 3470 in
559 3434 613 3488 quo
625 3416 719 3471 eadem
733 3416 819 3469 Diana
828 3456 837 3483 ,
846 3416 959 3469 Hecates
971 3413 1094 3480 nominc,
1103 3414 1160 3467 hie·

82 3502 162 3556 deam
173 3500 254 3555 deflet
263 3537 271 3565 ,
280 3501 328 3573 lib.
339 3502 391 3564 vl,
402 3500 453 3571 495
464 3517 472 3554 t

226 3619 291 3664 lianc
299 3616 405 3665 residens
416 3614 469 3663 altis
481 3618 568 3664 Hecate
579 3617 671 3665 Perseia
680 3617 741 3663 lucis

229 3692 312 3739 Flebat.

120 3816 155 3868 V.
167 3832 228 3869 aro.
247 3818 415 3883 Hyperboreas
430 3816 774 3884 movitconspsctapruinas.
788 3811 956 3867 -Gallicus
973 3811 1105 3883 interpres
1126 3810 1163 3865 ait
1225 3817 1228 3822 '

89 3899 163 3953 hunc
175 3916 299 3965 rusum,
396 3944 397 3947 ,

228 4017 268 4061 Du
276 4015 394 4069 Sarmata,
411 4013 540 4069 laeseris,
557 4015 591 4061 ies
602 4013 691 4061 diserta
703 4012 892 4067 s'attendrirent‚

87 4120 193 4174 fidelem
207 4138 264 4175 esse
276 4119 352 4173 latini
366 4138 456 4173 versus
468 4122 617 4189 imaginem:
636 4118 657 4171 si
671 4118 796 4183 dixisset,
814 4121 1055 4186 interpretationem,
1074 4128 1163 4186 posset

87 4205 254 4277 aliquatenus
266 4206 347 4269 ferri3
361 4203 408 4259 sed
422 4208 552 4275 imaginem
563 4203 693 4259 diversam
704 4220 831 4275 prorsus,
847 4202 906 4274 quis
918 4221 974 4255 non
985 4198 1077 4254 videti
1095 4197 1167 4254 ilinc
