2859 4975
313 452 378 527 404
697 439 999 506 otrntoous
1023 443 1026 448 ·

310 573 376 652 jam
400 567 557 632 Achillem
585 585 725 651 puerum
753 563 940 647 induxisse,
961 563 1019 652 qui
1045 563 1189 628 indolem
1216 587 1303 626 snam
1330 580 1371 626 tot

312 675 470 740 heroibus
496 669 700 752 ostenderet3
725 670 835 734 Peleus
861 673 948 734 enim
971 670 1100 750 juvenis
1125 667 1240 733 debuit
1254 670 1370 732 affuisse
1409 667 1410 672 ’

312 778 530 869 Argonautis,
544 776 621 863 quia
642 776 711 854 ejus
736 791 872 862 patruus
895 777 1087 856 Menoetius,
1103 775 1161 862 qui
1181 798 1287 862 neque
1306 798 1371 862 pro·

311 903 403 950 vecte
428 899 521 949 aetate
547 882 623 960 fuit,
643 896 681 944 ut
704 881 837 968 plurimi
855 885 1064 972 Argonautae,
1078 880 1191 945 itidem
1208 881 1370 945 commilito

312 992 392 1071 fuit,
407 1011 515 1076 neque
531 988 643 1060 etiam,
657 987 684 1050 si
700 987 765 1050 hoo
775 1001 928 1075 'tempore
941 989 1008 1068 jam
1022 1009 1106 1075 puer
1118 987 1258 1050 Achilles
1273 986 1372 1064 fuerit,

313 1114 346 1162 et
356 1096 398 1160 ad
406 1093 544 1174 Troiana
557 1091 640 1156 bella
652 1093 846 1179 protraxerit
855 1115 958 1156 aevum
968 1140 977 1173 ,
988 1114 1054 1156 non
1067 1092 1183 1156 habuit
1194 1093 1265 1172 ejus
1277 1107 1371 1168 mater,
1409 1131 1410 1152 1

217 1212 224 1218 “
313 1225 374 1266 nec
387 1201 472 1290 ipse,
484 1194 575 1286 quod
588 1196 628 1262 de
641 1196 879 1261 brevitateritae
895 1213 1092 1288 querantur5
1107 1196 1162 1260 sed
1179 1197 1274 1284 plura
1287 1197 1372 1258 incre

312 1306 424 1370 dihilia
447 1305 481 1368 in
499 1303 624 1367 Achille
645 1318 834 1366 occurrunt.
859 1301 1090 1390 Apollodorus,
1106 1303 1160 1365 lib.
1178 1303 1238 1383 III,
1251 1326 1316 1389 cap.
1334 1325 1372 1380 12,

241 1465 245 1472 .
313 1423 328 1487 s
344 1412 380 1493 8,
394 1410 490 1489 dicit,
506 1408 663 1474 Achillem
680 1428 769 1474 enno
788 1429 878 1470 nono
897 1408 996 1470 aetatis
1014 1407 1146 1470 fuissea
1165 1425 1269 1472 matre
1286 1408 1318 1469 in
1333 1407 1373 1468 in·

313 1518 382 1580 sula
413 1517 513 1604 Scyro
537 1513 752 1600 occultatum,
771 1528 803 1576 et
826 1513 938 1600 paullo
964 1528 1038 1600 post
1057 1512 1134 1577 inde
1156 1513 1198 1577 ad
1212 1514 1374 1608 Trojanum
1409 1503 1410 1548 ³

315 1624 437 1688 bellum
454 1617 736 1701 extractum3vide
755 1619 865 1683 Barth.
882 1619 923 1682 ad
940 1619 1018 1682 Stat.
1041 1618 1144 1684 Achil.
1164 1622 1197 1701 l,
1219 1643 1234 1712 ¹.
1259 1635 1291 1682 et
1314 1617 1329 1682 5
1351 1616 1374 1680 3.

313 1729 550 1817 Neoptolemus
564 1747 659 1805 vero,
677 1747 717 1787 ex
739 1723 908 1787 Deidamia
932 1741 1119 1812 susceptus,
1137 1748 1245 1789 unum
1268 1747 1375 1788 annum

274 1910 277 1921 Ι
314 1835 438 1926 agebat,
447 1853 551 1920 quum
561 1830 603 1894 ah
618 1830 721 1918 Ulyxe
738 1826 1039 1918 deprehenderetur
1051 1831 1205 1915 Achilles;
1220 1830 1296 1895 vide
1309 1831 1373 1894 Stat.

315 1935 587 2021 Achit.11,234;
605 1934 658 1997 ille
676 1949 786 1996 tamen
810 1950 885 2022 post
908 1933 1021 1998 decem
1036 1935 1087 1997 vel
1110 1934 1268 1998 undecim
1287 1955 1373 1998 annos

311 2047 378 2126 jam
397 2044 457 2124 vir,
479 2057 512 2106 et
530 2040 750 2105 ferocissimus
768 2041 816 2103 Ilii
831 2057 992 2122 vastator,
1015 2057 1047 2104 et
1064 2041 1183 2104 Priami
1201 2041 1374 2104 interfector

203 2211 205 2223 ,
315 2151 485 2216 inducitur
500 2173 517 2213 a
530 2147 686 2237 Virgilio,
707 2147 785 2212 AEn.
807 2145 856 2221 11,
887 2164 919 2211 et
937 2147 1030 2212 aliis:
1050 2149 1169 2236 quibus
1195 2147 1373 2212 crediderim

316 2259 470 2344 Ovidium
484 2255 674 2334 inductum,
687 2269 726 2316 ut
735 2238 989 2341 Neoptolemum
1001 2253 1110 2318 adhuc
1125 2253 1159 2317 in
1174 2255 1278 2342 Scyro
1294 2254 1375 2316 fnisse

315 2365 430 2453 fingat,
446 2363 525 2426 Met.
543 2362 641 2441 XIII,
664 2357 745 2440 155,
765 2360 822 2422 ubi
840 2359 881 2423 de
898 2361 994 2423 armis
1013 2360 1133 2442 Ajacis,

439 2540 486 2592 Est
497 2539 600 2625 genitor
611 2510 719 2625 Peleus,
734 2552 771 2591 est
785 2538 905 2611 Pyrrhus
919 2539 990 2593 filius
1004 2539 1058 2605 illi;

439 2628 507 2694 Quis
520 2629 595 2680 locus
608 2626 701 2699 Ajaci?
713 2626 839 2679 Phthiam
850 2629 985 2701 Scyronve
996 2629 1124 2681 feramur,

234 2852 238 2871 ,
319 2803 528 2889 Quamquam
551 2800 667 2887 aliquis
690 2815 802 2887 posset
823 2800 1046 2881 contendere,
1065 2800 1230 2889 Pyrrhum
1250 2820 1324 2891 post
1337 2822 1376 2864 ar·

316 2914 451 2970 morum
463 2904 624 2984 judicium
642 2905 833 2969 Graecorum
851 2906 1008 2971 exercitui
1025 2908 1216 2972 accessisse:
1238 2932 1313 2971 nam
1329 2904 1375 2969 nisi

317 3012 381 3075 hon
394 3010 530 3075 Ovidius
542 3009 732 3091 crediderit,
743 3010 805 3074 sibi
819 3011 1065 3098 obloqueretur,
1077 3035 1179 3099 quum
1197 3036 1277 3077 mox
1288 3038 1317 3077 v.
1327 3008 1376 3090 455

317 3140 393 3181 enm
416 3117 590 3205 Polyxenae
616 3114 694 3179 caedi
717 3116 875 3203 parentali
898 3117 1083 3181 interfuisse
1106 3134 1231 3200 narret,
1260 3119 1288 3183 si
1310 3120 1378 3180 forte

317 3223 482 3287 haee'tam
511 3236 660 3285 accurate
684 3220 773 3283 Naso
800 3222 976 3285 excusserit
1005 3222 1039 3285 in
1074 3244 1172 3310 opere
1200 3221 1293 3311 quod
1324 3242 1376 3285 non

318 3324 512 3395 emendavit.
538 3330 688 3415 Denique
711 3328 809 3392 Pelea
833 3330 943 3423 omnia
969 3330 1021 3394 illa
1051 3331 1172 3421 egisse,
1200 3356 1275 3420 quae
1297 3352 1379 3419 supra

316 3437 472 3518 vidimus,
490 3427 566 3523 post
582 3432 840 3521 expeditionem,
857 3434 934 3497 inde
952 3453 1101 3523 apparet,
1116 3436 1206 3525 quod
1224 3437 1379 3526 superfue-

317 3544 483 3627 ritusque
501 3537 542 3603 ad
560 3539 683 3603 bellum
699 3537 899 3625 Trojannm,
924 3562 996 3628 qnae
1017 3556 1091 3605 aetas
1110 3542 1298 3631 longissima
1314 3542 1380 3604 fuis·

319 3662 384 3727 set,
402 3647 429 3709 si
446 3664 512 3709 tarn
528 3660 680 3734 proveeta
698 3660 808 3726 aetate,
831 3660 863 3707 et
884 3660 934 3709 tot
953 3646 1051 3709 rebus
1073 3648 1169 3736 gestis
1192 3646 1325 3711 demum
1348 3641 1379 3706 ad

319 3754 568 3841 Argonauticam
584 3750 826 3839 expeditionem
845 3753 1011 3839 prolectns
1030 3754 1152 3817 l'uisset.
1174 3754 1379 3842 Supervixisse

317 3881 396 3923 vero
409 3859 527 3922 Achilli
543 3852 705 3921 ex'Ovidii
722 3858 813 3939 loco,
831 3858 910 3923 Met.
927 3860 1024 3941 XIII,
1047 3859 1106 3925 155
1117 3884 1129 3943 ,·
1141 3877 1289 3949 apparet,
1306 3877 1335 3922 et
1350 3879 1379 3919 er
1407 3876 1408 3923 l

319 3963 483 4028 Plutarchi
501 3964 605 4043 libro,
627 3966 680 4025 An
696 3969 763 4025 seni
778 3966 820 4028 sit
836 3964 977 4049 gerenda
999 3966 1189 4054 respublica,
1216 3967 1274 4053 qui
1296 3964 1378 4043 dicit,

318 4068 413 4132 Pelen
429 4086 462 4133 et
475 4070 610 4132 Laerten
620 4060 720 4130 'domi
734 4067 912 4150 desedisse,
929 4068 1073 4157 ideoque
1088 4068 1276 4159 despectos,
1289 4070 1378 4157 quun
1407 4074 1408 4121 l

313 4174 433 4241 Nestor
449 4174 548 4238 etiam
565 4194 663 4237 senex
677 4173 808 4237 landem
828 4174 936 4238 adhuc
953 4174 1117 4240 obtineret
1135 4200 1173 4241 ex
1190 4200 1225 4241 re
1243 4174 1378 4249 militari3
