2859 4975
282 423 698 504 ARGONAUTICON‚
730 423 817 488 LIB.
841 423 947 488 VIII.
1093 447 1156 512 207

127 554 228 644 Erigit
245 554 397 642 Absyrti3
415 570 513 642 atque
529 552 606 617 odio
623 553 820 620 tumefactus
838 535 938 619 inani·

125 669 254 732 Efferus
272 666 402 748 AEetes,
419 682 542 732 certare
557 667 728 732 ultricibus
743 669 842 733 armis

126 785 164 848 ln
181 799 239 846 tua
254 785 318 847 fata
334 782 430 864 velit,
448 798 481 846 et
497 782 609 848 euntia
627 784 697 846 vela
713 784 857 866 morari,

125 899 201 963 Non
219 898 336 974 animis
352 897 483 980 cedam,
498 919 566 962 non
584 899 698 963 cedam
717 899 820 985 milite
837 899 953 983 Graio,

125 1016 283 1103 Justaque
299 1015 333 1078 in
350 1013 502 1079 adversos
521 1014 725 1086 committam
740 1015 850 1103 praelia
871 1017 1045 1082 Colchos».
1120 1040 1160 1086 aa»

125 1129 177 1194 Sic
194 1129 261 1194 ait:
282 1128 335 1193 illa
350 1128 439 1218 gravi
455 1127 627 1201 ductorem
649 1128 747 1193 affata
764 1129 877 1194 dolore
894 1148 966 1196 est:

175 1243 290 1308 «Num
307 1243 395 1307 venti
412 1264 485 1307 mea
497 1257 590 1324 rota,
608 1243 707 1308 simul
725 1259 783 1307 tua
794 1245 895 1309 verba
913 1247 1077 1324 tulerunt,

126 1357 304 1440 AEsonide‚
323 1381 360 1422 ac
373 1359 493 1446 pariter
509 1380 603 1422 curas
618 1349 774 1448 pepulere
790 1360 934 1448 priores?

125 1476 288 1563 Tempora
304 1474 464 1555 causaris,
487 1473 653 1564 subitique
671 1475 815 1564 pericula
830 1476 929 1553 belli,

28 1663 32 1676 Δ
125 1591 304 1680 Postquam
321 1592 356 1656 in
372 1591 514 1656 deterius
530 1591 618 1681 lapsa
633 1608 682 1656 est
694 1593 829 1658 fortuna
845 1594 943 1658 citeae
1119 1614 1158 1662 ⁴9⁵

127 1707 304 1797 Coniugis,
323 1722 357 1772 et
374 1723 487 1772 noster
506 1728 574 1774 non
593 1724 642 1772 est
657 1709 844 1796 reparabilis
861 1712 966 1774 error!

126 1821 225 1913 Nunc
242 1822 381 1886 Martem
400 1817 533 1886 differre
548 1819 646 1902 libet,
669 1844 760 1896 nunc
777 1823 929 1888 Colchica
946 1823 1048 1906 bella,

125 1936 204 1999 Post
220 1934 386 1999 connubia
400 1950 493 2022 pacta
511 1949 779 2022 exspectatosque
798 1935 997 2023 hymenaeos.

124 2050 178 2113 Tu
196 2064 326 2114 tantum
342 2047 470 2116 confide
487 2047 586 2130 mihi,
602 2047 739 2135 placabo
756 2049 920 2117 furentem

124 2165 347 2246 Germanum,
364 2179 396 2228 et
412 2162 539 2229 blandis
558 2184 756 2250 componam
772 2165 879 2252 praelia
895 2164 1009 2248 dietis,
1122 2185 1160 2262 §qo

38 2291 48 2306 ”
125 2280 263 2370 Legatos
279 2278 374 2360 donis
392 2279 557 2361 mulcens,
573 2295 672 2366 atque
689 2279 789 2344 effera
805 2281 903 2346 corda
913 2313 936 2346 ι.

151 2395 302 2469 ,Phasias
318 2395 369 2460 his
386 2411 538 2460 moestum
551 2395 658 2460 uerbis
677 2397 800 2460 solatur
813 2412 994 2480 amantem,

126 2512 378 2599 Ancipitemque
395 2510 515 2575 iterum
532 2510 645 2575 vinclis
662 2511 872 2600 propioribus
886 2530 998 2579 arctat.

127 2626 223 2716 Cogit
238 2626 321 2691 inire
337 2623 450 2707 dolos,
467 2640 499 2689 et
513 2624 693 2712 perniciosa
707 2648 825 2715 'parare

128 2740 233 2804 Exitia
251 2739 409 2827 Absyrto,
430 2760 490 2803 uec
508 2761 576 2802 non
594 2738 789 2826 praemittere
806 2739 894 2806 dona

129 2854 290 2943 hospitii,
307 2853 464 2922 AEsonius
482 2875 553 2940 quae
572 2873 679 2940 nuper
693 2854 833 2918 contulit
850 2854 957 2919 heros.

129 2971 166 3034 ln
183 2968 299 3058 primis
315 2968 449 3055 peplum
467 2966 679 3055 Hypsipyles,
698 2967 791 3056 quod
808 2969 949 3033 tinxerat
964 2971 1080 3037 ardens

128 3085 296 3172 Purpura,
315 3098 348 3145 et
362 3081 489 3171 Ogygio
508 3080 729 3169 pulcherrima
746 3081 858 3147 Gratia
875 3086 1002 3149 Baccho

128 3202 203 3263 Arte
216 3198 375 3277 laboravit
396 3196 533 3263 madidae
552 3218 655 3287 prope
673 3196 769 3261 litora
787 3198 866 3263 Diae.

127 3318 203 3380 llaec
222 3313 373 3378 Bromius
391 3328 468 3376 nato
488 3311 603 3375 tribuit
619 3329 833 3377 monumenta
850 3314 1010 3396 Thoanti,
1124 3338 1162 3375 510
1202 3320 1213 3327 '

128 3428 377 3519 Hypsipylaeque
395 3427 518 3507 Thoas;
539 3426 615 3491 dein
634 3427 783 3509 Lemnia,
804 3429 912 3496 saucia
927 3453 1057 3514 amore,

126 3546 251 3635 Regina
269 3542 422 3632 Argolico
441 3540 497 3607 dat
511 3541 599 3630 regia
614 3539 701 3607 dona
715 3557 866 3629 tyranno.

128 3660 214 3723 Hinc
232 3655 317 3722 odor
335 3655 518 3720 ambrosius
538 3654 635 3745 gratis
652 3654 815 3721 afflatibus
835 3657 945 3735 haesit,

127 3772 286 3837 Incubuit
301 3787 476 3859 postquam
490 3769 618 3857 rapiens
634 3768 781 3833 Minoida
800 3787 910 3834 natam

93 3910 100 3924 “
125 3886 288 3967 bacchus,
303 3900 336 3948 et
352 3881 487 3947 adverso
502 3881 672 3961 conjunxit
687 3900 821 3970 pectore
837 3902 967 3972 pectus,
1123 3905 1160 3949 εις

129 4001 306 4087 Postquam
320 3996 489 4067 Gnosiacis
508 3996 692 4061 comitatam
713 3997 845 4063 carbasa
860 4000 901 4063 ab
918 4003 982 4065 oris

131 4115 249 4197 Attica,
270 4112 410 4177 crudelis
426 4110 570 4175 Theseus
589 4110 623 4173 in
641 4111 736 4174 litore
750 4112 818 4177 Diae
