2859 4975
421 413 805 478 Aneouaurtca
1092 411 1155 499 287

126 545 194 608 Nec
209 546 285 610 forti
296 545 434 610 heroum
451 523 562 610 dextra
577 546 763 634 impellente
778 561 936 609 movetur.

127 659 280 748 Obriguit
297 660 402 748 gelido
421 675 490 724 turn
507 681 620 724 narsus
637 674 769 748 pectore
784 659 896 740 Iason,

130 781 172 844 Et
190 799 243 840 me
259 775 451 865 respiciens,
472 793 511 840 ut
529 775 633 862 nostri
649 775 792 838 carmine
807 774 922 862 plectri

127 893 221 956 Vires
240 885 339 978 atque
350 889 475 954 animos
490 889 622 954 defessis
640 889 750 953 innuit
769 887 896 953 addam.

128 1010 189 1071 Ast
206 1027 266 1093 ego
284 1025 361 1069 cum
379 1004 501 1068 cithara
517 1003 692 1070 meditatus
709 1005 853 1068 carmina
866 1018 995 1086 nostra,

129 1117 367 1206 Mellifluasque
383 1141 456 1184 mea
471 1097 626 1182 resonans
645 1141 723 1182 cum
739 1134 842 1182 matre
857 1119 1042 1197 Camoenas,

128 1236 177 1298 Ex
195 1235 264 1304 imo
280 1231 392 1296 dulces
407 1231 547 1322 produxi
563 1247 695 1321 pectore
711 1253 828 1296 voces:

172 1347 323 1438 «Egregii
335 1347 467 1428 heroes,
488 1347 607 1435 Minyae
621 1367 778 1434 generosa
795 1367 956 1434 propago,

128 1464 186 1527 Eia
199 1463 298 1552 agite,
312 1461 440 1525 invictis
453 1462 571 1526 alacres
587 1461 741 1549 impellite
756 1460 852 1524 funes

128 1577 343 1658 Pectoribus,
361 1549 513 1641 solido¹et
526 1576 659 1666 vestigia
675 1575 764 1665 figite
781 1596 909 1666 gressu,

129 1695 265 1758 Summa
278 1693 400 1781 pedum
414 1692 551 1782 geminis
565 1691 669 1755 innixi
682 1689 846 1755 extendite
862 1692 993 1779 plantis,

132 1810 175 1873 Et
192 1810 257 1873 laeti
272 1809 307 1870 in
324 1805 442 1872 fluctus
454 1809 542 1897 Argo
558 1783 702 1894 presente
721 1827 871 1889 serenes,

131 1925 215 2007 Quae
230 1922 376 1986 trabibus
395 1920 527 2009 quernis
545 1936 712 2009 compacta
729 1936 796 2002 est,
812 1921 1023 2010 fagineisque.

131 2039 260 2128 Pergite
274 2059 355 2102 voce
370 2059 461 2120 mea,
477 2037 568 2125 prius
582 2052 681 2100 estea
695 2013 825 2126 cognita
836 2018 949 2120 robis,
1121 2057 1159 2095 ‚so

131 2155 245 2236 Quum
260 2151 422 2218 traherem
441 2175 581 2240 quercus
601 2171 772 2215 nemorosa
789 2152 824 2214 in
842 2152 924 2216 valle
937 2151 1094 2234 Colones,

131 2271 173 2334 Et
187 2283 328 2359 pontum
345 2283 493 2357 peterent
510 2284 625 2346 cantus
644 2266 686 2331 de
699 2267 820 2331 vertice
835 2267 957 2330 montis

129 2384 210 2447 Saxa
228 2397 366 2471 sequuta
381 2403 491 2445 meos:
509 2382 555 2445 sic
569 2396 606 2444 tu
622 2357 774 2468 proclivis
786 2381 821 2444 iu
837 2380 943 2445 undas

131 2500 184 2563 Me
201 2518 338 2587 sequere
350 2517 534 2585 aequoreas:
555 2512 682 2562 moveat
699 2494 816 2561 fiducia
833 2514 954 2562 nostrae

131 2615 176 2689 Ut
189 2636 343 2702 properes
357 2613 504 2694 citharae,
523 2632 588 2675 vox
601 2626 634 2675 et
646 2610 755 2675 divina
770 2612 915 2680 canentis
931 2644 955 2677 ».
1121 2630 1159 2668 ‚ss

175 2727 245 2791 Nec
267 2748 374 2807 mora,
400 2724 552 2813 prosiluit
568 2724 727 2806 stridens,
746 2724 911 2813 sensitque
927 2726 1042 2790 earinae

134 2839 270 2904 Subdita
287 2861 451 2903 concussae
467 2838 702 2929 callentifagus
719 2839 759 2902 ab
774 2840 861 2928 Argo

134 2954 288 3019 Palladias
303 2968 405 3017 artes:
430 2952 519 3017 stetit
532 2952 624 3015 ocius
640 2951 692 3015 illa
707 2973 767 3040 per
779 2950 905 3033 undas,

133 3070 392 3159 Congeriemque
407 3069 510 3147 levat3
532 3078 625 3129 vasto
642 3080 732 3130 natat
744 3067 845 3160 ardua
859 3082 983 3155 ponto,

134 3185 176 3248 Et
189 3183 330 3247 trabium
347 3182 463 3247 densas
479 3180 605 3261 disjecit
619 3196 708 3244 mota
722 3182 912 3271 phalanges,

135 3300 211 3361 Uno
228 3304 388 3387 protensae
402 3296 514 3359 subter
530 3316 602 3382 quae
618 3294 697 3363 lune
710 3293 870 3373 jacebant

135 3410 320 3503 Ingreditur
339 3426 472 3500 portum
493 3408 655 3500 gaudens;
668 3409 734 3489 jam
750 3409 845 3472 litore
862 3407 949 3473 cedit

136 3526 232 3591 Unda
253 3548 462 3615 repercusso,
483 3526 641 3611 laetusque
658 3525 797 3588 exsultat
813 3522 918 3589 lason.

137 3645 243 3731 Argus
260 3643 322 3705 init
336 3642 421 3705 saltu
436 3640 591 3729 puppim,
604 3639 796 3728 Tiphysque
810 3652 985 3727 sequutus,

137 3758 178 3820 Et
193 3780 251 3822 sua
267 3780 404 3845 quaeque
420 3756 497 3819 viris
513 3752 592 3819 dant
606 3770 807 3818 armamenta
824 3754 982 3842 locisque.
1130 3776 1168 3827 ηε

137 3873 280 3961 Erigitur
295 3872 416 3952 malus,
433 3870 541 3935 velum
555 3891 670 3957 super3
689 3870 768 3933 binc
781 3892 915 3958 quoque
931 3870 1057 3934 clavum

138 3986 204 4050 Sub
218 3984 354 4075 puppim
371 4000 526 4065 nectunt,
545 3990 577 4047 et
594 3983 671 4047 loris
685 3983 814 4047 fortiter
826 4002 955 4073 urgent.

139 4102 181 4166 At
197 4116 370 4188 postquam
391 4097 488 4161 remis
507 4097 663 4159 instructa
677 4112 726 4160 est
739 4096 828 4160 naris
843 4099 1020 4185 utrinque,
