2859 4975
1040 375 1050 410 l

334 448 743 529 ARGONAUTICON,
764 447 851 511 LlB.
874 447 918 508 X.
956 523 961 539 ,
1098 440 1158 504 261

134 579 270 667 Palpitat
282 577 400 666 exiguo
415 573 544 664 frigenti
559 593 696 659 corpore
713 567 827 634 cauda.

135 690 315 780 Suppositis
329 712 407 754 vero
426 689 523 778 capiti
540 686 756 757 candentibus
775 684 884 764 ulnis,

134 804 327 892 Hesperides
343 803 461 893 tepidis
477 801 641 867 foedabant
657 799 818 863 imbribus
835 819 903 860 ora.

62 971 65 976 .
134 917 306 1006 Improvisi
320 912 815 1004 adsuntMinyaezvenientibus
832 910 894 974 illis
1025 937 1029 945 =

132 1035 226 1123 Signa
242 1032 333 1098 dedit
345 1032 449 1122 pulvis
464 1030 600 1096 nitidam
618 1029 765 1094 sublatus
781 1026 817 1090 in
835 1026 979 1090 aethram.
1122 1040 1163 1104 tl·¹
1268 1118 1272 1127 .

134 1149 279 1212 Monstra
294 1148 403 1215 bonus
418 1145 527 1210 divina
543 1160 676 1234 repente
690 1157 866 1232 agnoverat
883 1139 1053 1226 Orpbeus,

134 1255 355 1349 Hortatusque
371 1259 448 1325 deas
466 1257 594 1324 blandis
609 1258 654 1322 ita
669 1255 806 1322 vocibus
825 1253 918 1317 infit:

176 1407 189 1431 a
205 1374 387 1439 Prudentes
403 1373 613 1463 pulchraeque
629 1370 716 1453 deae,
733 1392 792 1434 seu
805 1369 941 1433 numina
954 1368 1042 1448 caeli,

133 1492 195 1555 Seu
212 1507 304 1555 terrae
318 1490 439 1580 reginae
456 1489 549 1570 estis,
566 1503 807 1574 nemorumque
823 1506 1009 1566 sacrorum,

133 1605 253 1670 adsitis
271 1605 449 1693 Nymphae,
466 1627 487 1666 o
504 1602 664 1692 Nymphae
681 1599 887 1666 Oceanitides
903 1599 1013 1680 almae,
1122 1618 1162 1662 us

133 1719 238 1783 Dicite
254 1718 313 1784 ubi
329 1718 483 1784 scatebris
501 1739 560 1805 per
575 1739 703 1780 summa
718 1716 888 1780 cacumina
905 1714 1017 1778 labens

134 1831 279 1899 Prolluat
294 1832 401 1914 unda,
415 1854 544 1897 sacerve
560 1831 682 1918 liquor,
701 1853 770 1918 quo
782 1831 905 1894 viscera
920 1844 1052 1893 torrens

133 1949 253 2012 intima
268 1948 384 2014 anhela
399 1948 468 2012 sitis
482 1947 638 2036 populato
655 1961 820 2034 spectare
838 1943 941 2008 cedat.

131 2061 231 2143 Quod
247 2063 275 2126 si
292 2062 376 2128 forte
396 2061 510 2126 datum
527 2077 577 2125 est
596 2061 668 2124 fatis
691 2060 727 2124 in
743 2060 880 2124 amicius
897 2077 1011 2124 arvum

130 2174 172 2237 Et
189 2174 331 2261 patrium
350 2173 484 2238 rediisse
502 2176 625 2256 solum,
642 2190 724 2238 tunc
741 2196 879 2238 munera
896 2173 977 2264 grati
1118 2191 1162 2238 ⁴⁵0

130 2289 323 2371 Innumera,
342 2305 375 2353 ct
386 2289 500 2354 vestris
513 2289 659 2377 primum
672 2288 847 2353 libabimus
860 2289 946 2370 aris,

129 2404 176 2468 Ac
193 2393 321 2495 Minyas
337 2420 417 2470 voto
432 2404 568 2470 reduces
586 2404 784 2470 damnabitis
801 2428 916 2470 omnes
929 2436 952 2470 ·.

173 2495 381 2607 Supplibibus
394 2519 506 2585 verbis
520 2520 566 2586 sic
581 2520 686 2603 fatus,
700 2545 826 2586 numen
841 2522 955 2585 adorat

130 2633 377 2721 Nympharum:
397 2633 508 2701 faciles
522 2634 583 2699 illae
601 2636 810 2702 miserescere
827 2654 962 2701 moestos

131 2748 315 2836 Incipiunt,
328 2749 513 2838 herbasque
530 2750 651 2817 docent
667 2753 792 2843 uligine
806 2754 911 2819 multa
1121 2775 1162 2822 us

22 2914 23 2937 ,
131 2858 288 2949 Irriguas,
306 2844 426 2948 quibus
441 2863 531 2929 unda
545 2865 699 2953 frequens
716 2891 794 2933 cum
809 2892 979 2934 murmure
992 2872 1092 2960 serpit

131 2973 326 3059 somnifico,
343 2977 439 3043 variis
456 2978 662 3069 distinguens
676 2980 814 3048 floribus
831 3006 926 3065 arva,

131 3090 349 3178 Arboreisque
365 3093 491 3176 comis,
508 3093 566 3158 hic
580 3097 726 3184 Hespera
740 3099 902 3186 populus,
919 3099 1018 3188 AEgle-

131 3205 230 3269 Versa
247 3205 336 3269 subit
354 3228 457 3271 sacras
473 3208 600 3291 salices,
620 3210 814 3300 almumque
827 3214 988 3299 Erytheis.

132 3318 187 3381 His
206 3318 315 3383 subito
332 3321 503 3386 arboribus
520 3324 749 3411 Nympharum
767 3326 935 3414 pulchrior
949 3330 1044 3418 AEgle
1119 3348 1158 3394 tt·

131 3434 182 3497 Sic
194 3434 322 3501 blandis
337 3436 465 3525 Minyas
480 3440 585 3533 verbis
602 3440 721 3505 affatur
737 3457 868 3531 egentes
883 3466 891 3507 ε
909 3489 914 3498 1

175 3550 305 3631 «Certe,
322 3550 395 3616 dira
411 3552 544 3630 cohors,
562 3554 705 3644 rigidum
722 3557 923 3645 quicumque
940 3558 1116 3622 draconem

79 3692 82 3705 ·
131 3663 279 3729 Confecit
296 3665 444 3754 pridem,
463 3667 519 3754 qui
538 3668 633 3733 nobis
649 3693 747 3734 aurea
763 3671 846 3733 mala

133 3775 302 3860 servabat,
316 3778 409 3842 vobis
425 3779 480 3845 hic
498 3782 671 3847 commoda
690 3798 809 3874 magna·
822 3787 964 3873 paravit,

131 3890 192 3954 Sed
209 3892 364 3981 lacrymas
384 3896 545 3984 Nymphis
564 3914 749 3987 aeternaque
766 3898 883 3965 damna
900 3902 1040 3990 reliquit.
1116 3923 1159 3967 465.

130 4004 247 4069 Nescio
265 4008 337 4095 quis
348 4031 458 4081 ¹saevus
474 4014 646 4100 peregrino
663 4013 801 4103 claviger
817 4016 913 4099 orbe,

132 4120 273 4208 Corpore
288 4122 423 4189 terribili
439 4102 537 4213 atque
552 4128 671 4209 oculis,
687 4129 740 4191 cui
755 4131 862 4194 fronte
877 4129 1044 4208 tremenda
1154 4179 1158 4192 χ
