2859 4975
281 409 344 488 364
460 397 462 406 ⁴
661 409 962 476 CATALOGUS
1093 416 1096 422 '

279 533 491 620 praecipitasse
500 580 509 613 ,
518 549 550 595 et
558 533 661 597 luisse
675 533 832 622 virginem
846 531 999 621 pudieam
1017 548 1051 604 et
1066 532 1214 594 moribus
1227 532 1344 618 proba-

281 637 484 700 tissimis.'lta
502 636 583 700 nihil
601 637 635 699 in
651 637 701 702 his
721 639 818 718 certi,
829 639 863 700 in
878 659 946 724 quo
961 635 1194 716 consistamus,
1208 636 1346 722 reperire

282 742 367 806 licet.
384 740 447 805 Sed
471 741 539 805 haee
563 765 623 804 nos
646 742 776 830 longius
790 765 809 806 a
825 741 977 827 Clymeno
993 739 1212 804 abduxerunt.
1223 741 1289 804 Alii
1300 741 1346 802 vi·

283 847 403 911 dentur
411 848 501 912 bunc
512 847 664 912 eumdem
675 850 788 914 fecisse
797 850 854 936 qui
865 849 1097 935 Periclymenus
1107 845 1193 934 (licet
1206 847 1347 914 Valerius

283 952 395 1014 ambos
405 951 549 1038 referat):
562 975 636 1016 nam
648 953 682 1018 in
693 954 816 1040 Ergino
825 952 1009 1017 videbimus
1017 952 1110 1016 illum
1124 951 1346 1044 Periclymeni,

281 1073 315 1120 et
336 1057 376 1118 ab
400 1056 467 1120 aliis
495 1056 638 1138 Clymeni
661 1057 765 1122 lilium
791 1058 906 1140 statui3
928 1074 966 1122 ut
989 1073 1022 1120 et
1046 1073 1148 1120 mater
1167 1056 1295 1119 Iasonis
1318 1071 1348 1117 et

281 1155 466 1238 Admetiab
484 1163 535 1226 his
554 1163 718 1250 Clymene,
735 1165 776 1228 ab
792 1165 854 1230 illis
870 1164 1083 1252 Periclymene
1095 1179 1241 1226 vocatur.
1351 1172 1353 1181 ’

329 1386 523 1470 CLYTIHS,
537 1387 686 1475 Orp'heo,
703 1389 904 1476 Apollodoro
924 1405 957 1452 et
978 1389 1094 1452 Flacco
1116 1403 1230 1450 nostro
1259 1389 1349 1475 igno-

286 1509 354 1574 tus3
368 1494 423 1556 sed
438 1495 479 1557 ab
491 1495 680 1583 Apollonio,
693 1496 749 1561 lib.
764 1499 855 1578 I,vs.
870 1497 930 1578 86,
940 1519 1016 1560 curn
1030 1495 1139 1583 Iphito
1149 1495 1350 1558 exOEclralia

284 1599 410 1662 venisse
420 1599 554 1664 dicitur:
566 1625 665 1688 quare
676 1603 775 1690 aliqui
786 1603 821 1664 in
831 1603 958 1666 Valerio
968 1625 1043 1664 eum
1057 1600 1203 1686 Clymeno
1212 1602 1350 1664 voluisse

160 1779 163 1792 ,
286 1704 482 1768 substituere
494 1705 644 1772 vidimus.
661 1708 853 1772 Scholiastes
868 1709 964 1786 dicit,
979 1709 1080 1771 fuisse
1092 1706 1173 1770 filios
1183 1708 1348 1793 Antiopes.

286 1809 380 1874 Pater
404 1811 472 1890 ejus
495 1811 558 1876 l'uit
582 1813 741 1902 Eurytus:
759 1815 805 1878 sic
827 1815 976 1902 Hyginus
996 1830 1104 1894 vocat,
1120 1837 1219 1900 quern
1245 1835 1350 1901 regern

287 1916 450 1979 OEclralioe
469 1941 507 1979 ex
524 1919 668 1982 Homero
686 1919 785 1982 l'uisse
803 1920 994 1982 Scholiastes
1012 1918 1118 1982 dictus
1136 1917 1299 2001 ostendit,
1314 1917 1351 1980 de

287 2043 355 2106 quo
373 2022 407 2082 in
428 2025 548 2108 Euryto
564 2023 757 2088 videbimus.
775 2025 968 2088 scholiastes
986 2023 1027 2087 ad
1042 2023 1194 2086 Trachin.
1214 2022 1300 2104 268,
1318 2046 1352 2085 ex

276 2127 413 2214 'Euryto
435 2143 577 2215 quatuor
599 2129 681 2194 filios
704 2131 892 2218 provenisse
916 2153 956 2192 ex
978 2112 1122 2192 Hesiodo
1142 2128 1258 2210 docet,
1273 2130 1352 2191 inter

268 2265 271 2271 ·
288 2253 370 2318 quos
389 2226 508 2316 Clytius
533 2251 565 2297 et
581 2235 701 2324 Iphitus
709 2261 723 2316 ;
736 2251 871 2298 matrem
881 2258 960 2299 vero
973 2252 1068 2297 vocat
1081 2234 1270 2298 Antiochen.
1284 2234 1352 2296 Ari·

226 2381 228 2384 ·
289 2354 461 2401 stocratern
474 2363 551 2404 vero
573 2357 637 2405 tres
656 2341 738 2405 filios
757 2359 915 2422 statuere,
935 2340 1097 2428 praeterito
1115 2340 1241 2427 lphito,
1255 2339 1353 2420 addit,

198 2467 200 2471 ’
289 2444 375 2509 idem
398 2445 439 2509 ad
458 2470 504 2512 vs.
526 2445 609 2530 355,
625 2447 706 2513 filios
730 2450 844 2537 Euryti
866 2449 907 2512 ab
931 2448 1070 2512 Hercule
1094 2447 1218 2511 occisos
1243 2461 1354 2535 praeter

290 2552 450 2637 lplritum,
470 2554 526 2640 qui
549 2555 582 2617 in
606 2555 762 2619 Euboeam
787 2555 886 2643 fugit,
905 2571 1023 2617 narrat.
1047 2554 1197 2641 Hyginus
1222 2570 1353 2616 matrem

291 2656 368 2720 dicit
390 2658 488 2722 fuisse
512 2659 608 2723 filiam
629 2662 774 2747 Pyloms‚·
791 2660 848 2725 sed
870 2676 902 2724 et
923 2661 1013 2723 hunc
1039 2660 1165 2746 ignoro.
1178 2659 1296 2745 Neque
1319 2657 1354 2720 de

175 2832 178 2839 ,
294 2764 395 2848 Clytio
408 2782 465 2829 aut
478 2766 578 2854 ΙΡΙιιὶο
592 2768 683 2854 plura
698 2766 850 2854 indagare
864 2766 967 2853 potui.
983 2766 1114 2850 Pythius
1134 2765 1215 2827 male
1227 2780 1355 2828 vocatur

295 2870 327 2931 in
350 2870 473 2933 vitiosis
496 2870 633 2934 Diodori
657 2872 756 2936 Siculi
781 2872 837 2935 lib'.
855 2872 911 2951 tv,
934 2893 966 2958 p.
981 2870 1043 2956 169
1058 2868 1245 2952 codicibus,
1260 2892 1354 2957 quum

294 2975 414 3061 Clytius
431 2976 589 3041 dicendus
606 2978 656 3041 sit.

337 3198 553 3283 CORONUS,
568 3199 673 3279 Caenei
697 3198 798 3280 filius,
813 3200 855 3263 de
877 3222 944 3287 quo
963 3194 1032 3279 'jam
1057 3197 1179 3286 aliquid
1204 3222 1302 3287 supra
1326 3199 1354 3260 in

297 3304 408 3367 Caetteo
419 3303 577 3385 vidimus3
588 3322 787 3369 memoratur
798 3306 852 3370 hic
863 3305 1011 3393 Orpheo,
1023 3328 1070 3368 vs.
1085 3302 1146 3367 136
1153 3330 1161 3386 5
1171 3305 1356 3391 Apollonio,

294 3409 352 3473 lib.
367 3412 398 3492 I,
409 3433 455 3475 vs.
472 3406 524 3497 57,
537 3426 569 3475 et
581 3410 801 3499 Apollodoro,
814 3411 883 3473 aliis
899 3411 1070 3473 omittitur.
1085 3412 1160 3474 Duo
1173 3427 1283 3473 autem
1297 3411 1358 3472 lue·

295 3532 373 3578 runt
399 3517 523 3598 Caenei,
541 3540 627 3580 unus
650 3516 789 3599 Atracis,
804 3518 885 3581 alter
901 3516 982 3579 Elati
999 3516 1099 3597 filius,
1119 3516 1175 3602 qui
1194 3516 1258 3579 fuit
1276 3532 1357 3605 pater

296 3621 398 3684 nostri
417 3620 541 3685 Coroni.
562 3624 610 3686 De
627 3621 690 3685 hoc
706 3622 799 3685 Elato
818 3638 851 3685 et
869 3625 986 3685 Caeneo
1004 3642 1071 3683 non
1090 3636 1274 3707 repetemus
1292 3621 1357 3699 hie,

296 3748 368 3812 quae
386 3724 524 3790 diximus
543 3726 584 3790 ad
602 3726 696 3791 Ovid.
713 3726 793 3791 Met.
803 3727 889 3809 XII,
900 3748 947 3789 vs.
965 3725 1036 3790 186.
1053 3726 1122 3787 Rex
1140 3725 1202 3787 tuit
1220 3726 1357 3788 Perrhae·

296 3832 428 3915 borum,
440 3856 583 3921 quorum
592 3833 674 3897 ‘urbs
686 3850 755 3897 erat
765 3835 911 3921 Gortyna
920 3858 929 3917 ;
937 3832 1012 3895 vide
1022 3832 1106 3894 infra
1116 3832 1150 3894 in
1162 3831 1357 3919 Polyphemo.

297 3938 358 4001 Hic
381 3938 537 4017 Coronos,
550 3939 760 4027 Lapitharum
783 3939 865 4020 dux,
881 3939 915 4001 in
936 3938 1022 4001 bello
1044 3952 1158 4000 eontra
1170 3933 1359 4025 AEgimium,

298 4046 506 4109 Doriensium
528 4068 656 4133 regem,
673 4047 726 4109 cui
754 4046 909 4110 Hercules
927 4068 960 4109 se
979 4043 1104 4109 socium
1129 4042 1313 4123 addiderat,
1325 4040 1359 4103 ab

297 4150 361 4213 hoc
381 4150 446 4215 tuit
472 4150 676 4231 interfectus,
692 4150 881 4247 Apollodor.
898 4148 954 4215 lib.
973 4150 1023 4232 ll,
1040 4158 1203 4249 cap.⁴7,§
1216 4170 1247 4235 7.
1264 4146 1359 4225 Hujus
