2859 4975
269 365 683 484 naoounurroon
712 421 804 484 tta.
830 421 909 486 v11.
1060 425 1119 503 145

108 544 299 611 AEsonides:
316 547 418 634 <prelis
433 546 547 612 Getico
563 547 750 635 depulvere
763 549 892 616 Mavors
1082 579 1122 625 ets

107 663 208 725 Intrat
224 658 337 746 equis,
357 659 488 752 uritque
505 682 632 748 gravem
651 661 826 727 sudoribus
842 666 1007 750 Hebrum3

105 777 171 839 Aut
188 773 280 860 niger
296 795 335 834 ex
346 773 445 836 antris
459 772 612 860 rutilique
627 797 646 836 a
661 775 806 840 fulminis
819 791 900 842 aestu

107 886 219 968 Quum
234 883 324 965 fruit,
338 899 370 946 et
384 883 496 950 Siculo
508 886 642 973 respirat
655 887 689 950 in
702 911 832 977 aequore
840 893 994 982 Cyclops.

104 997 262 1062 Redditus
278 996 332 1059 hic
348 996 495 1079 tandem,
514 999 684 1087 sociosque
704 1003 869 1089 amplexus
885 1023 1028 1073 ovantes.

105 1113 201 1179 Haud
217 1112 283 1192 jam
301 1111 490 1177 mendacem
510 1115 666 1200 promissa
682 1139 852 1204 reposcere
868 1142 978 1213 regem
1085 1139 1125 1184 sto

105 1227 268 1316 Dignatur
282 1249 291 1307 ;
306 1247 382 1305 nec,
400 1225 427 1289 si
445 1225 512 1314 ipse
529 1227 590 1290 sibi
613 1245 700 1317 terga
721 1231 846 1320 ingerat
863 1235 950 1299 ultro

108 1341 173 1422 Qui
190 1339 334 1427 pepigit,
356 1339 433 1402 velit
448 1340 482 1402 in
500 1361 612 1428 pacem
629 1342 841 1434 dextramque
858 1354 974 1435 reverti

108 1453 275 1542 Amplius:
291 1451 387 1516 ambo
402 1469 524 1536 truces,
546 1457 648 1560 ambo.
656 1460 837 1526 abscessere
853 1464 1021 1533 minantes.

96 1661 150 1716 648:
166 1665 241 1722 Quum
257 1663 308 1707 ruit.
329 1663 407 1708 Heius.
424 1680 454 1710 ex
468 1667 532 1725 conj.
553 1669 627 1725 Quum
642 1669 717 1732 sugit.
733 1671 813 1719 lleim.
833 1674 897 1735 opud
912 1677 993 1725 burm.
1012 1676 1038 1723 in
1056 1680 1125 1728 nofis.

72 1743 169 1787 Eteicec.
180 1741 258 1787 Vatic.
267 1751 291 1786 et
300 1743 389 1790 bonon.
402 1742 471 1789 codd.
486 1745 576 1793 Boron.
587 1747 606 1792 1.
616 1748 700 1795 Siculo.
712 1750 848 1797 Sabellicus.
866 1779 896 1788 -
906 1754 961 1801 650.
974 1757 1045 1801 Haud
1054 1767 1128 1805 tamen

71 1820 149 1867 duum.
161 1820 239 1867 tatic.
251 1821 304 1866 cod.
315 1821 384 1868 Haud
393 1823 587 1893 tam'merrdacem.
598 1827 687 1874 Boron.
700 1829 754 1878 cod.
764 1833 854 1877 bonon
865 1833 876 1877 1
888 1842 911 1879 et
920 1834 957 1889 11,
973 1844 997 1881 et
1007 1835 1062 1882 edd.
1074 1847 1129 1883 eote

72 1901 130 1946 em.
141 1902 212 1946 IL-
226 1899 280 1947 653.
290 1900 395 1962 Amplius
405 1918 470 1948 arma
481 1913 558 1950 truces.
567 1908 656 1952 Boron.
668 1909 720 1954 cod.
731 1911 774 1955 Eo.

72 2098 140 2150 intrat
152 2102 232 2168 equis,
246 2105 471 2163 curru,Hebrum,
483 2106 577 2169 uritque
656 2102 717 2170 649.
733 2097 776 2150 sic
795 2099 876 2169 igitur
891 2101 971 2153 laton
991 2119 1128 2167 reversus,

71 2197 162 2245 grauem
185 2180 328 2240 sudoribus,
354 2181 417 2232 facit
446 2193 476 2233 ut
501 2200 576 2252 aquae
620 2175 773 2249 sodalesque
794 2195 907 2239 ovantes,
923 2179 1053 2241 letantes,
1072 2199 1127 2231 am-

72 2256 161 2309 sudore
173 2269 199 2309 et
210 2255 253 2309 dei
264 2257 573 2328 etoquorumcalefiant,
620 2257 710 2329 plexus
724 2268 771 2310 eat.
792 2258 846 2309 Nec
861 2259 917 2329 jam
933 2276 1022 2328 regem
1039 2257 1127 2311 denuo

72 2346 203 2405 tepescant!
215 2333 317 2387 saltem.
337 2367 372 2376 —
386 2336 456 2390 Vide
473 2335 507 2389 ad
521 2339 573 2390 cal·
617 2336 821 2407 precibusadire
831 2335 985 2407 mendacem
995 2336 1130 2408 dignatum

72 2432 124 2466 cem
133 2414 212 2486 hujus
222 2413 281 2466 libri
290 2426 347 2467 not.
357 2415 416 2480 645.
427 2416 477 2468 En.
619 2435 677 2476 nee,
690 2420 713 2466 εἰ
724 2419 789 2483 ψει,
807 2415 853 2486 qui
866 2427 943 2486 antea
955 2417 1129 2487 promisisset,

104 2498 162 2563 647.
178 2500 231 2544 Aut
242 2497 318 2563 rtr'ger,
334 2495 408 2547 fumo
422 2506 449 2547 et
467 2495 575 2566 fuligine
620 2498 717 2563 ingerat
729 2500 792 2546 ultro
804 2509 884 2562 terga,
895 2494 938 2547 vel
947 2495 1028 2547 inrito
1039 2497 1128 2548 obtru-

72 2572 167 2643 pictus,
178 2577 278 2641 Cyclops
291 2594 324 2625 ex
341 2578 433 2638 antris,
449 2574 574 2641 officina,
620 2572 665 2626 dat
686 2592 796 2626 aureum
810 2573 907 2634 vellus,
921 2577 984 2625 uelit
1000 2577 1025 2624 in
1038 2594 1129 2641 pacem

72 2672 88 2701 a
109 2656 173 2704 rutili
184 2655 299 2721 fitbuinis
321 2670 393 2715 oestu,
410 2673 426 2706 a
448 2653 575 2707 cudendis
619 2654 781 2719 dextramque
797 2656 883 2702 reverti
886 2691 894 2713 ,
910 2650 998 2704 denuo
1016 2670 1045 2704 se
1065 2651 1129 2707 fidei

73 2728 222 2783 fulminibus
236 2729 324 2783 adhuc
335 2744 446 2785 estuans
455 2734 536 2799 ,fierit
552 2747 577 2782 et
619 2742 672 2781 tam
685 2729 780 2803 perfidi
798 2730 865 2801 regis
879 2730 1058 2783 committere:
1076 2750 1129 2782 am·

73 2812 179 2875 respirat,
191 2808 245 2861 ruit
259 2809 294 2861 ad
313 2828 340 2862 se
356 2809 575 2881 teir-gerandum,
620 2813 649 2860 bo
660 2825 749 2869 truces,
765 2814 837 2860 ambo
851 2814 983 2860 abscessere
996 2813 1127 2871 mirantes,

74 2889 97 2934 in
109 2907 202 2953 ecquore
213 2891 302 2939 Siculo.
621 2888 687 2939 truci
698 2888 861 2957 minantique
870 2887 944 2939 vultu
954 2887 1098 2940 discedunt.
