2859 4975
682 295 687 334 l

91 511 1154 560 mmmmmmmssuummmmmmmumm

228 780 1003 924 laconauncon

387 1077 570 1160 menn
609 1079 844 1181 NONUS,

305 1317 398 1418 EX
441 1312 932 1440 APOLLONIO,

381 1565 712 1650 ΙΙΝΤΕΒΡΒΕΤΕ
743 1579 839 1646 ΡΙΟ.

422 1828 818 1862 ...ὥρᾳ-...-

127 2019 240 2128 Nunc
258 2061 356 2144 mihi,
375 2061 535 2150 Calliope,
558 2061 671 2150 primae
687 2062 764 2125 ratis
780 2085 857 2126 ausa
875 2065 1022 2147 canenti,

126 2179 326 2267 Erroresque
337 2177 437 2241 ¹ducis
455 2177 580 2259 varios,
601 2177 786 2265 iterumque
802 2201 990 2243 remensum

126 2292 264 2383 AEquor,
279 2310 312 2358 et
328 2293 468 2357 Adriano
484 2293 633 2357 lustratas
653 2314 816 2356 marmore
836 2308 955 2375 terras,
1018 2277 1021 2282 ¹

127 2409 282 2499 Adspira:
300 2423 338 2472 tu
354 2407 420 2471 sola
444 2406 542 2471 deum
559 2407 700 2472 Pataraea
714 2423 881 2471 tenentem

127 2520 268 2589 Noscere
286 2546 385 2613 regna
402 2496 505 2604 vales,
528 2546 702 2612 sacrosque
719 2524 851 2587 haurire
869 2524 1027 2613 liquores3

128 2640 178 2703 'fu
193 2654 287 2728 potes
304 2639 429 2703 A‘onios
446 2658 574 2701 mecum
589 2638 726 2701 lustrare
743 2661 899 2702 recessus.

169 2757 210 2818 At
227 2754 304 2842 vigil
317 2753 392 2843 igne
406 2752 514 2843 gravi,
529 2753 723 2841 scelerisque
737 2754 855 2841 agitata
869 2756 1000 2837 furore,

129 2871 257 2936 Colchis
273 2869 383 2952 adest3
399 2870 608 2956 lacerumque
625 2869 676 2932 sui
692 2884 790 2957 caput
803 2870 904 2957 impia
920 2871 1026 2936 fratris

128 2985 259 3065 Projicit
274 2984 310 3046 in
328 2982 464 3071 patriam
482 2983 637 3047 classem:
653 2982 808 3047 defixerat
823 2984 934 3048 hostes

129 3100 168 3163 Et
183 3120 256 3179 res,
270 3113 303 3163 et
318 3098 459 3177 novitas,
481 3095 628 3184 tantique
647 3096 773 3183 piacula
791 3083 947 3180 monstri,

128 3210 410 3302 Naulragiumque
433 3233 560 3288 recens,
579 3224 612 3274 et
629 3209 703 3273 visae
721 3210 835 3273 mortis
854 3210 972 3299 imago.

127 3331 201 3395 Non
220 3310 299 3392 sinit
314 3326 470 3391 attonitos
493 3326 604 3415 regina
623 3326 809 3413 quiescere,
825 3340 857 3388 et
874 3348 981 3389 acrem

127 3445 294 3509 Eductum
318 3429 432 3505 metliis
451 3421 645 3505 Acherontis
662 3438 799 3502 vallibus
817 3438 945 3527 ignem,

127 3561 377 3644 Accensumque
395 3578 492 3642 super
508 3554 641 3643 magicis
657 3576 717 3642 per
732 3568 871 3616 transtra
886 3555 1020 3619 venenis

126 3674 260 3739 Hostica
273 3670 433 3751 conjecit:
453 3668 599 3759 flagranti
615 3668 747 3731 turbine
764 3669 862 3756 pinus
1077 3652 1083 3659 ⁵

128 3789 259 3866 Deleta,
284 3786 320 3848 in
339 3784 462 3847 cineres
483 3783 655 3870 piceasque
672 3782 740 3845 abit
758 3798 828 3844 usta
851 3781 982 3847 favillas.

128 3904 196 3968 Nec
213 3916 389 3967 contentus
408 3922 447 3963 eo
464 3898 593 3987 Stygius
611 3896 695 3983 rapit
708 3896 847 3984 aequoris
865 3896 949 3985 ignis

129 4019 278 4097 Viscera,
292 4031 325 4079 et
340 4014 523 4078 undantem
541 4013 702 4101 populant
721 4011 871 4074 incendia
890 4029 1049 4099 pontum:

129 4136 271 4199 Tantum
288 4118 416 4213 herbae,
436 4153 545 4211 mens,
560 4129 672 4218 lingua
682 4128 809 4207 'valent,
820 4129 1031 4216 Hecataeaque
1047 4132 1160 4194 verba!

130 4248 288 4329 Adiuvat,
304 4261 337 4310 et
355 4246 449 4310 sociis
469 4244 595 4308 cinctus
614 4242 680 4307 dux
698 4242 872 4306 Thessalus
889 4260 998 4331 urget,

981 4356 1029 4421 15.
