2859 4975
253 407 325 470 330-
642 405 932 475 CATALOGUS

252 553 371 618 regno,
386 529 503 594 deinde
515 531 633 594 iterum
644 531 726 604 illud
737 555 945 620 recuperasse
953 571 965 614 ,-
974 532 1078 612 ejecto
1087 533 1206 596 iterum
1215 533 1326 614 Peleo,

253 659 293 700 ex
310 634 618 722 Euripide,.Troad.
648 640 749 719 1116,
769 655 875 726 patet,
906 639 963 726 qui
982 638 1057 702 ideo
1072 639 1327 726 Neoptolemum

254 741 321 806 sive
343 741 524 828 Pyrrhum,
549 741 683 806 Achillis
702 743 823 826 filium,
841 755 1031 833 properasse
1049 743 1194 808 reditum
1212 766 1328 808 versus

255 846 408 911 Phthiam
435 849 552 929 refert,
579 849 655 936 quia
672 848 839 914 audiverat
861 855 1018 914 Acastum
1038 851 1200 938 pepulisse
1224 872 1329 937 regno

256 975 353 1016 avum
372 952 483 1033 Pelea;
509 975 581 1040 quae
592 975 667 1016 non
691 955 777 1042 cepit
795 978 940 1042 nuperus
958 954 1066 1019 editor
1085 955 1275 1035 Baruesius,
1294 971 1330 1017 et
1414 963 1416 991 ²

255 1058 416 1122 contraria
429 1057 609 1146 Euripiden
623 1059 691 1124 aliis
704 1059 832 1124 tradere
844 1060 991 1125 credidit.
1009 1062 1071 1124 Hic
1083 1063 1180 1125 etiam
1192 1062 1331 1125 Acastus

257 1165 358 1253 patris
371 1165 466 1229 Peliae
479 1167 513 1228 in
526 1166 687 1230 honorem
701 1169 842 1232 instituit
852 1167 947 1232 ludos
961 1169 1115 1232 funebres
1124 1185 1158 1232 et
1168 1191 1328 1258 agonem,

259 1293 342 1357 quos
368 1293 452 1359 saepe
473 1295 492 1334 a
515 1272 696 1358 pictoribus
722 1291 755 1336 et
771 1273 947 1337 artificibus
974 1296 1142 1361 expressos
1167 1283 1331 1336 memorat
1414 1284 1416 1289 '

258 1376 396 1442 Pausan.
413 1393 451 1440 ut
468 1377 530 1441 111).Ι
540 1379 586 1442 ΙΠ
598 1425 611 1460 ‚.
627 1379 684 1460 183
696 1381 737 1460 V,
754 1403 811 1466 173
828 1381 894 1461 Vl,
913 1401 974 1462 203
999 1381 1061 1443 hos
1078 1381 1213 1468 Argivos
1235 1396 1332 1442 vocat

257 1483 376 1571 Hygin.
394 1481 459 1552 fab..
478 1482 562 1570 273,
584 1484 618 1546 in
644 1485 767 1572 iisque,
784 1487 841 1571 qui
854 1485 1021 1568 vicerunt,
1038 1502 1209 1549 enumerat
1226 1485 1331 1572 pluri-

258 1589 558 1677 mosArgouautas3
574 1589 648 1653 vide
662 1590 697 1653 iu
714 1589 818 1654 Calai.
847 1591 950 1679 Ipsius
974 1592 1071 1654 etiam
1086 1594 1201 1654 Acasti
1215 1591 1329 1679 imagi·
1414 1598 1416 1615 ²

244 1730 247 1752 t
258 1715 345 1774 nem,
355 1709 473 1780 praeter
478 1695 682 1782 Argonautas
694 1695 848 1782 reliquos,
858 1696 995 1758 maxima
1005 1719 1082 1759 cura
1093 1694 1198 1784 pinxit
1207 1695 1331 1774 Micon,
1414 1704 1416 1707 ’

259 1812 292 1861 et
304 1799 373 1878 ejus
385 1821 505 1886 equos,
524 1815 607 1864 teste
619 1799 747 1880 eodem,
762 1800 818 1864 lib.
833 1802 867 1881 Ι,
886 1801 936 1865 18.
949 1803 997 1864 De
1011 1817 1118 1864 morte
1127 1801 1236 1864 Acasti
1250 1799 1331 1862 nihil
1406 1784 1416 1816 ¹*

260 1903 340 1966 certi
366 1894 473 1990 reperi
488 1926 583 1968 :nam
612 1903 702 1991 quod
724 1905 886 1967 Morerins
911 1929 987 1968 eum
1015 1927 1032 1968 a
1058 1906 1155 1969 Peleo
1185 1905 1331 1969 occisum
1413 1926 1416 1933 ’

259 2024 385 2090 narret,
414 2011 556 2097 citetque
572 2033 643 2074 eam
663 2011 696 2072 in
725 2032 794 2072 rem
812 2010 1037 2098 supplementi
1063 2028 1178 2075 auctor
1197 2011 1332 2098 Apollo·
1413 2022 1416 2057 ἕ

260 2113 332 2178 dori
348 2117 468 2180 librum
485 2117 549 2194 111,
569 2117 615 2180 ihi
632 2116 715 2210 nihil
732 2116 773 2179 de
795 2117 987 2196 ejus-morte
1003 2116 1130 2205 legitur.

306 2359 461 2423 ACTOll.
480 2361 552 2423 Hoc
562 2361 696 2424 nomine
711 2361 843 2448 plurimi
859 2362 892 2424 in
908 2360 1055 2448 mythico
1073 2360 1192 2422 saeculo
1206 2361 1332 2422 Heroes
1408 2340 1412 2357 ⁴

261 2481 484 2529 memorantur
492 2463 550 2553 (1),
566 2490 648 2555 quos
660 2467 714 2531 hic
726 2490 917 2532 enumerare
929 2466 1010 2531 nihil
1021 2465 1135 2530 attinet
1149 2490 1157 2529 :
1174 2465 1333 2554 quosdam

261 2572 424 2633 recensuit
442 2572 589 2635 Barthius
607 2572 647 2636 ad
663 2573 754 2637 Statii
773 2573 878 2638 Theb.
895 2574 1058 2653 lib.VIll‚
1079 2572 1155 2653 1523
1173 2588 1206 2635 et
1223 2572 1333 2635 Meze-
1414 2567 1416 2588 ²

262 2676 367 2739 riacus
384 2676 425 2739 ad
442 2678 579 2765 Epistol.
598 2679 706 2742 Ovidii
722 2680 880 2768 primam,
895 2703 928 2767 p.
946 2678 998 2743 38.
1016 2678 1077 2742 Hic
1092 2700 1190 2758 vero,
1215 2677 1275 2764 qui
1291 2677 1331 2741 ab
1414 2669 1415 2672 ¹

263 2782 393 2871 Hygino
424 2800 455 2847 et
483 2786 659 2873 Apollonio
675 2828 677 2835 ›
693 2784 926 2848 adnumeratur
952 2784 1163 2873 Argonautis,
1195 2782 1237 2845 ab
1267 2783 1334 2846 aliis

263 2888 422 2971 omissus,
448 2889 567 2954 dicitur
584 2891 683 2953 fuisse
712 2892 846 2977 Hiopcsi
872 2890 974 2970 filius,
996 2906 1028 2952 et
1051 2888 1333 2976 Peloponnesius:

264 2993 332 3058 duo
348 3018 426 3059 vero
435 2994 571 3084 Hicpcsi
582 3012 805 3059 memorantur
817 2996 858 3059 ab
871 2994 1006 3075 Ovidio;
1023 3016 1111 3057 unus
1127 2993 1214 3056 inter
1229 2994 1335 3056 socios

265 3100 419 3191 Meleagri
434 3102 467 3164 in
486 3102 659 3165 venatione
678 3100 748 3189 apri
768 3100 957 3189 Calydonii,
973 3099 1052 3164 Met.
1068 3099 1233 3179 lib.VIll‚
1255 3098 1335 3177 313,

266 3208 323 3295 qui
340 3209 380 3271 ab
399 3208 547 3297 Hygino,
572 3207 637 3272 fab.
665 3205 744 3294 173,
761 3206 882 3271 dicitur
901 3207 1018 3294 Euryti
1033 3204 1118 3268 filius
1133 3230 1142 3285 ς
1156 3205 1236 3268 alter
1252 3204 1337 3268 inter

269 3315 468 3396 Centauros,
487 3314 618 3397 Metam.
645 3314 701 3377 lib.
718 3314 800 3394 Xll,
825 3310 905 3392 3523
923 3313 958 3373 in
978 3335 1042 3400 qua
1063 3333 1172 3399 pugna
1195 3312 1337 3374 Centau·

194 3428 196 3433 ’
265 3444 378 3484 rorum
397 3437 429 3484 et
445 3421 654 3508 Lapitharum
670 3420 767 3483 etiam
786 3435 987 3482 memoratur
1004 3418 1168 3506 Eurytus,
1185 3418 1335 3479 ninnium

267 3526 507 3589 Centaurorum
524 3524 731 3605 saevissimus,
749 3523 789 3585 ah
807 3520 923 3585 eodem
939 3523 1056 3603 Poeta,
1077 3545 1107 3585 v.
1126 3543 1199 3584 220.
1223 3522 1336 3584 Potuit

188 3704 191 3711 ⁴
266 3652 344 3717 ergo
362 3647 501 3719 uterque
526 3631 578 3694 ille
598 3630 755 3719 prcsus
776 3652 862 3692 unus
881 3644 914 3691 et
929 3627 1016 3691 idem
1035 3627 1156 3708 fuisse,
1179 3628 1237 3714 qui
1260 3649 1334 3689 cum

266 3737 461 3825 patresimnl
470 3754 582 3801 contra
592 3737 742 3824 Lapithas
752 3736 952 3825 pugnaverit,
961 3752 993 3797 et
1002 3734 1090 3797 solus
1100 3750 1211 3797 contra
1219 3756 1333 3820 aprum

220 3914 221 3921 .
267 3843 367 3907 abiit:
387 3859 525 3931 utraque
544 3844 632 3908 enim
646 3842 698 3905 illa
720 3842 883 3931 expeditio
896 3842 1015 3919 juvene
1031 3840 1168 3904 Nestore
1185 3839 1332 3925 contigit.

268 3948 331 4015 Sed
357 3971 460 4036 quum
485 3949 567 4011 nihil
588 3948 643 4011 hic
667 3949 753 4011 certi.
764 3947 909 4027 videam,
934 3945 1015 4009 nihil
1037 3968 1171 4033 quoque
1199 3943 1333 4007 affirmo.

305 4199 343 4266 (1)
361 4197 438 4251 Cous.
452 4199 561 4261 Verheyl
576 4194 611 4248 ad
622 4197 718 4248 Anton.
729 4194 842 4249 Liberal.
851 4213 879 4265 p.
892 4196 951 4250 256.
965 4193 1053 4245 111111.
