2859 4975
246 373 310 440 336
609 335 930 442 'caratocus

244 517 344 584 quam
355 494 464 575 fratri3
483 493 541 558 sed
554 507 587 559 et
597 492 695 572 hujus
710 495 820 559 nullus
832 497 918 561 inter
927 501 1132 586 Argonautas
1147 499 1317 579 meminit3

245 600 303 666 sed
316 602 386 666 sine
399 599 502 666 dubio
513 615 686 688 corruptus
698 617 748 665 est
759 603 852 666 locus
865 601 1076 690 Apollodori,
1089 619 1123 668 et
1134 605 1233 670 simul
1247 607 1318 693 ipse

243 724 359 772 auctor
381 705 498 770 erravit
516 729 525 770 t
545 703 721 796 legendum
745 707 832 771 enim
858 724 907 772 cst
923 705 1059 791 Ῐάλμνοςς
1076 723 1116 774 ut
1138 711 1205 790 jam
1228 727 1318 775 recte

243 813 429 881 emendavit
442 814 492 877 vir
507 812 715 880 doctissimus
724 814 808 878 Tho.
823 813 905 878 Gale
911 839 926 896 ,·
938 817 1016 904 quia
1027 807 1106 882 iero
1119 839 1204 905 serpe
1218 819 1317 884 etiam

244 921 298 986 alii
310 921 496 1012 Mythologi
508 920 731 987 confuderunt
746 921 905 1010 quosdam
922 921 1058 1004 heroas,
1072 924 1129 1012 qui
1143 926 1319 1014 Argonau-

244 1026 314 1096 ticae
330 1025 528 1115 expeditioni
548 1025 788 1109 interfuerunt,
810 1049 887 1091 cum
907 1027 969 1091 illis
990 1029 1047 1116 qui
1061 1027 1206 1107 Trojano
1228 1029 1318 1094 bello

246 1131 375 1197 Graecos
385 1131 597 1214 adjuverunt,
613 1131 833 1220 Apollodorus
846 1155 1014 1221 perperam
1030 1133 1091 1198 hos
1103 1133 1187 1198 lilios
1203 1135 1317 1200 Martis

243 1235 414 1325 adscripsit
432 1237 647 1328 Argonautis,
671 1259 755 1324 quos
775 1237 956 1319 Homerus,
977 1238 1067 1303 Iliad.
1089 1238 1146 1304 lib.
1165 1242 1215 1322 ll,
1236 1239 1317 1322 516,

233 1344 331 1410 ‘inter
343 1344 491 1427 Graecos,
507 1345 564 1432 qui
588 1345 624 1407 iu
640 1344 770 1424 Troiam
786 1344 1020 1427 militaverunt,
1042 1347 1156 1425 refert,
1172 1368 1257 1433 quos
1275 1370 1318 1410 ex

218 1450 456 1516 ¹⁸¹Orchomeno
469 1449 604 1537 Minyae
617 1449 745 1514 vennae
761 1447 858 1532 dicit,
877 1449 967 1516 unde
978 1450 1063 1516 forte
1082 1452 1169 1516 inter
1187 1452 1317 1540 Minyas

244 1557 356 1622 retulit
362 1554 597 1646 Apollodorus,
614 1555 673 1620 ubi
686 1554 763 1620 vide
782 1556 931 1620 Eustath.
943 1557 1094 1620 Arcelaca
1106 1558 1237 1646 Hygino
1248 1581 1319 1622 me·

245 1678 408 1745 moratur,
421 1660 479 1726 sed
488 1677 681 1754 corruptum
693 1677 727 1725 et
738 1663 889 1751 ignotum
903 1683 1025 1726 nomen
1041 1677 1110 1743 est,
1126 1663 1217 1728 unde
1233 1663 1319 1728 nihil

245 1769 385 1850 extri003
407 1768 630 1856 praetereahic
649 1767 803 1832 Almerrus
827 1767 948 1832 dicitur
970 1783 1066 1859 natus
1084 1791 1124 1832 ex
1133 1768 1317 1856 Astyoche,

247 1873 375 1938 Actoris
387 1871 466 1953 filia,
484 1871 541 1960 qui
555 1871 700 1938 diversus
712 1871 755 1936 ab
769 1873 906 1955 Actora,
928 1873 1063 1937 Menoeti
1078 1887 1181 1961 patre.
1193 1873 1320 1938 Home·

245 2003 301 2044 nu
317 1979 406 2044 enim
424 1980 550 2062 Atridas,
573 1979 640 2044 sive
664 1979 747 2052 Atto<
762 1973 865 2042 lilium
878 1995 990 2060 vocat,
1008 2001 1111 2067 quum
1134 1978 1204 2058 ejus
1226 1979 1320 2068 Myr-

246 2080 415 2146 midonem
432 2081 533 2146 fuisse
548 2095 673 2170 patrem
689 2079 878 2144 viderimus.
903 2081 1119 2169 Etymologici
1136 2096 1247 2144 tamen
1259 2105 1323 2145 au-

246 2199 318 2247 ctor
336 2183 370 2246 in
392 2183 480 2264 Anam
491 2231 500 2266 ,
513 2182 638 2247 Actoris
660 2197 785 2270 patrem
799 2181 867 2254 itte
885 2181 970 2246 facit.

289 2392 581 2464 AMPHIARAUS.
600 2392 662 2457 Hic
674 2375 728 2456 ¹ab
745 2391 947 2480 Apollodoro
963 2407 1183 2472 mentoratur,
1210 2411 1317 2479 quum

245 2506 298 2572 alii
315 2496 431 2569 omnes
448 2524 525 2565 eum
541 2499 628 2563 bello
642 2499 802 2567 Thebano
819 2498 880 2563 sub
892 2496 1030 2562 Adrasto
1045 2497 1231 2561 interfuisse
1247 2520 1320 2561 nar·

246 2626 328 2677 rent.
350 2612 439 2675 Inter
458 2623 607 2673 auctores
622 2604 769 2694 perditos
786 2605 951 2669 Deiochus
971 2603 1068 2667 etiam
1081 2605 1317 2690 Amphiaraum

245 2715 415 2782 adcensuit
437 2710 649 2803 Argonautis,
666 2725 749 2776 teste
764 2709 943 2775 Scholiasta
959 2708 1112 2796 Apollon
1130 2710 1164 2789 I,
1184 2709 1263 2796 139,
1282 2726 1319 2772 et

117 2872 123 2881 .
244 2822 408 2893 censuisse
425 2821 580 2884 Senecam
597 2816 771 2907 Tragicum
785 2816 819 2879 iu
839 2814 929 2881 Med.
943 2813 1026 2895 656,
1045 2813 1140 2877 multi
1154 2814 1321 2904 interpre·
1385 2868 1396 2880 ,

245 2946 317 2996 tum
336 2927 443 2993 mirati
470 2927 562 2990 fuere
574 2946 583 2987 :
596 2921 678 3011 quid
693 2922 782 2987 enirn
795 2922 1016 3010 Amphiarao,
1033 2921 1145 2999 aiunt,
1163 2942 1239 2985 cum
1252 2922 1320 2985 Ar·

241 3034 416 3129 gonautisl
443 3032 502 3097 sed
528 3030 645 3096 celebr.
673 3026 860 3095 Gronovius
877 3045 965 3093 recte
982 3026 1141 3109 ostendit,
1161 3029 1238 3092 licet
1261 3028 1319 3091 alii

243 3168 321 3209 eum
350 3142 493 3207 referant
521 3138 609 3202 inter
636 3140 863 3227 Argonautas,
883 3135 1039 3199 Senecam
1065 3149 1173 3197 tamen
1203 3134 1319 3198 ibide
1423 3174 1425 3191 .

245 3250 363 3339 Mopso
380 3267 485 3337 agere.
502 3245 592 3307 Inter
608 3258 779 3305 venatores
794 3242 865 3329 apri
879 3238 1049 3327 Calydonii
1061 3235 1202 3313 refertur
1215 3263 1235 3302 a
1247 3240 1319 3304 Na·

229 3378 336 3437 sone,
354 3354 440 3431 Met,
451 3351 548 3433 VIII,
568 3348 648 3436 3173
669 3346 839 3410 manifeste
855 3344 951 3409 etiam
969 3344 1107 3425 Statius,
1120 3344 1224 3407 Theb.
1242 3342 1317 3423 ΙΙΙ,

247 3460 328 3541 5ι6,
339 3457 498 3524 Colchicae
507 3454 629 3519 militiae
640 3451 827 3517 interfuisse
840 3448 1075 3538 Amphiaraum
1085 3448 1200 3531 docet,
1211 3472 1319 3537 quum

245 3565 381 3629 sumita
398 3558 597 3649 Melampodi
616 3555 869 3646 respondentem
885 3552 1032 3619 inducit:

392 3755 487 3771 ......
510 3714 632 3789 equidem
646 3714 728 3780 varii,
741 3725 823 3786 pater,
836 3713 925 3766 omina
942 3710 1032 3763 Phaebi

386 3809 461 3879 Saepe
475 3806 540 3873 tuli,
553 3807 608 3876 jam
620 3817 684 3857 tunc
697 3802 783 3874 prima
793 3819 877 3873 quum
888 3801 961 3871 pube
974 3800 1101 3853 virentem

386 3894 523 3950 Semideos
536 3896 605 3947 inter
619 3893 698 3964 pinus
713 3910 757 3945 me
767 3889 895 3944 Thessala
905 3907 981 3960 reges

389 3986 519 4048 Duceret,
533 3993 581 4035 etc.

248 4148 330 4228 Qum
345 4090 441 4209 verba
460 4141 542 4203 male
560 4138 708 4213 Lutatius
726 4131 923 4222 Melampodi
940 4132 1065 4196 tribuit.
1085 4129 1144 4193 His
1166 4128 1318 4193 adductis
