2859 4975
288 418 352 485 352
671 417 973 485 CATALOGUS

283 544 411 608 stabulo
430 559 463 606 et
479 543 564 606 bello
577 537 653 606 cum
673 543 832 626 Hercule,
850 558 890 606 ut
906 565 978 632 quae
998 541 1040 609 ad
1055 545 1271 632 Argonautica
1286 567 1348 610 non

283 650 462 737 pertinent,
479 649 534 711 hic
551 648 708 737 attingere
726 671 794 712 non
813 664 914 714 vacat.

321 883 596 968 'AUTOLYCUS,
616 886 771 952 Mercurii
788 886 891 970 filius,
920 903 1018 952 notus
1044 885 1175 951 furandi
1201 902 1291 968 arte,
1313 907 1349 948 ex

283 993 415 1072 ctione,
429 991 543 1074 vel,ut
550 990 620 1074 alii,
631 981 849 1056 ex'Pttlomtle
857 991 1052 1056 Daedalionis
1061 991 1142 1075 filia;
1153 991 1218 1056 vid.
1234 991 1348 1080 Hygin.
1414 1030 1415 1047 .

281 1099 344 1164 fab.
363 1113 609 1181 cooet201,et
624 1097 665 1162 de
680 1099 772 1177 cujus
790 1122 908 1189 genere
923 1099 996 1163 vide
1011 1099 1224 1164 Meteriacum
1242 1097 1284 1162 ad
1296 1095 1348 1161 ini·
1414 1128 1415 1173 3

281 1205 363 1268 tium
374 1203 525 1292 Epistolae
539 1202 704 1268 Ovidianae
718 1205 906 1293 Penelopes.
919 1207 991 1269 Hoc
1005 1228 1111 1268 unum
1128 1203 1262 1285 adjicio,
1277 1204 1347 1268 Ser·
1414 1236 1415 1249 κ

280 1311 369 1374 vium
380 1310 463 1374 duos
473 1305 646 1395 Autolycos
658 1308 907 1400 distinguere'ad
920 1309 1111 1392 AEneid.11‚
1123 1331 1182 1399 79:
1193 1310 1346 1398 priorem,

280 1414 377 1480 etiam
391 1416 515 1496 furem,
525 1413 678 1478 habuisse
694 1414 778 1479 filios
791 1415 874 1480 duos
884 1463 894 1498 ,
904 1415 1080 1506 Sisyphum
1091 1431 1124 1480 et
1134 1417 1346 1505 Autolycum,

254 1507 256 1516 '
279 1521 418 1611 Sisypho
430 1536 543 1584 natum
559 1519 734 1602 Sinonem,
750 1543 789 1584 ex
801 1522 964 1610 Autolyco
978 1519 1123 1586 secundo
1138 1522 1294 1610 Ulyssem,
1307 1519 1347 1583 iu

279 1643 318 1691 ut
326 1625 481 1709 Anticlia,
494 1645 592 1713 quam
607 1625 755 1712 corrupit
766 1624 943 1714 Sisyphus,
956 1627 1054 1690 fuerit
1069 1625 1175 1690 fratris
1192 1625 1266 1690 filia.
1281 1627 1346 1689 Mc·

281 1747 386 1796 morat
403 1730 499 1794 etiam
523 1729 639 1794 Strabo
664 1728 857 1816 Autolycum
878 1733 984 1796 furem
1002 1747 1034 1796 et
1052 1733 1211 1819 parietum
1227 1732 1348 1820 perfos-

278 1861 403 1919 sorem,
414 1836 470 1924 qui
484 1833 518 1898 in
531 1835 672 1899 Parnaso
686 1834 858 1913 habitavit,
872 1836 928 1902 lib.
939 1837 1007 1919 lx,
1021 1861 1055 1926 p.
1069 1835 1151 1925 439,
1165 1861 1205 1901 ex
1216 1839 1345 1901 Homer.

279 1945 316 2007 ll.
334 1943 381 2019 X,
401 1940 476 2008 226.
494 1944 524 2007 A
540 1942 610 2005 solo
626 1939 830 2029 Apollodoro
852 1958 1053 2007 memoratur
1071 1943 1127 2006 hic
1143 1943 1229 2006 inter
1247 1945 1346 2031 Argo*

168 2063 169 2066 ’
279 2067 402 2114 nautas.
422 2048 560 2113 Videtur
581 2064 691 2114 autem
710 2049 891 2137 antiquior3
912 2071 988 2114 nam
1007 2049 1075 2132 ejus
1098 2050 1160 2114 lilia
1179 2050 1346 2114 Anticliae

278 2156 418 2246 Sisypho
440 2153 528 2219 AEoli
547 2153 614 2218 filio
635 2155 702 2235 jam
728 2178 913 2244 compressa
928 2155 1058 2239 dicitur,
1075 2173 1108 2221 et
1128 2154 1257 2248 gravida
1277 2154 1346 2218 data

280 2263 419 2338 Laertae,
441 2260 498 2348 qui
525 2261 621 2324 etiem
646 2260 734 2324 inter
756 2262 960 2349 Argonautas
984 2277 1194 2345 numeratur3
1214 2260 1290 2326 vide
1307 2261 1347 2324 de

275 2367 433 2452 Autolyco
445 2366 627 2430 hoclhctz.
645 2364 781 2430 Chiliad.
796 2368 890 2450 VIII,
906 2391 989 2449 202,
1009 2392 1042 2457 p.
1058 2372 1130 2454 149.
1143 2368 1264 2431 Praeter
1278 2387 1314 2430 ca
1328 2388 1346 2431 a

277 2471 472 2564 quibusdam
488 2470 671 2556 Alcimede,
683 2464 789 2539 mater
803 2474 947 2558 Iasonis,
963 2474 1027 2541 filia
1044 2474 1194 2563 Autolyci
1207 2473 1348 2539 creditur
1413 2493 1414 2540 l

276 2582 393 2664 fuisse,
410 2579 525 2668 deque
536 2579 697 2643 inlesone
708 2602 861 2669 agemus;
873 2581 1072 2647 necvidetur
1086 2604 1165 2646 avus
1177 2580 1347 2646 subductu
1413 2573 1414 2628 l

255 2694 258 2699 '
278 2687 405 2775 nepotis
426 2686 477 2750 sui
498 2684 668 2751 militasse:
686 2706 787 2773 quare
803 2686 901 2751 credo
919 2688 1154 2776 Apollodorum
1169 2687 1260 2751 hunc
1277 2688 1346 2750 Au·
1413 2699 1414 2704 ’

277 2794 415 2880 tolycum
430 2793 627 2857 nobiliorem
644 2790 833 2856 confudisse
853 2816 930 2856 cum
950 2794 1060 2858 minus
1076 2809 1156 2857 noto
1174 2792 1345 2878 Autolyco,

277 2901 333 2989 qui
361 2922 395 2964 se
429 2898 623 2987 Argonautis
649 2895 734 2959 circa
759 2896 904 2985 Sinopen
932 2899 1049 2963 urbem
1080 2897 1247 2981 adjunxit,
1272 2920 1346 2963 curn

278 3005 412 3093 Plrlogio
428 3020 460 3069 ct
475 3002 633 3082 Der'loutc,
652 3017 690 3066 ut
706 3017 839 3065 narrant
854 3004 1068 3091 Apollonius,
1083 3004 1140 3068 lib.
1155 3004 1206 3085 11,
1222 3002 1301 3091 957,
1316 3019 1348 3067 et

275 3116 343 3178 Val.
366 3114 414 3178 Fl.
436 3113 477 3194 V,
503 3110 584 3191 1153
607 3109 667 3173 hos
691 3109 884 3197 Apollonius
907 3109 984 3174 facit
1010 3109 1092 3175 lilios
1117 3112 1301 3190 Deimaclti,
1316 3125 1347 3174 et

274 3220 374 3284 fuisse
389 3216 523 3281 comites
539 3214 688 3279 Herculis
697 3231 811 3278 contra
821 3217 1017 3299 Amazonas,
1029 3230 1062 3279 et
1076 3214 1195 3279 deinde
1210 3237 1345 3297 errasse,

187 3366 190 3378 ι
274 3342 306 3389 et
318 3326 401 3389 circa
412 3322 556 3409 Sinopen
567 3318 739 3384 habitasse.
758 3319 901 3402 Quidam
913 3319 1010 3384 etiam
1022 3321 1218 3407 Autolycum
1232 3336 1347 3410 putant

274 3430 478 3497 conditorem
488 3426 636 3515 Sinopes,
647 3442 680 3489 et
690 3425 759 3505 ejus
770 3441 908 3490 statuam
920 3428 1039 3517 egregii
1048 3429 1174 3517 operis,
1187 3427 1347 3493 aStenide

274 3540 405 3616 factam,
421 3534 468 3599 ibi
488 3534 586 3597 fuisse
608 3532 766 3620 positam,
787 3550 860 3618 quae
882 3548 1063 3621 expugnata
1077 3535 1161 3598 urbe
1175 3558 1195 3598 a
1211 3535 1346 3599 Lucullo
1412 3595 1413 3600 ,

274 3645 338 3709 fuit
360 3642 486 3722 ablata3
512 3638 577 3704 vid.
601 3637 753 3702 Strabon.
770 3638 852 3720 XII,
868 3658 940 3729 pag.
969 3638 1045 3727 337,
1071 3639 1128 3728 qui
1147 3639 1240 3705 addit
1256 3641 1346 3704 hunc

275 3751 466 3835 Autolycum
478 3764 584 3810 unum
594 3744 694 3807 fuisse
704 3766 745 3806 ex
752 3742 833 3826 illis,
850 3745 993 3831 quicum
1009 3746 1125 3809 Iasone
1143 3747 1345 3836 navigarunt.
1412 3767 1413 3770 ¹

275 3857 424 3947 Hyginus
435 3876 513 3917 vero
525 3874 601 3916 eum
620 3866 653 3914 et
672 3865 737 3913 tres
754 3848 823 3928 ejus
840 3852 975 3914 comites
991 3829 1091 3914 fuisse
1106 3850 1190 3915 filios
1206 3853 1345 3939 Phryxi

275 3986 358 4052 quos
376 3961 438 4025 alio
456 3957 590 4022 nomine
601 3954 718 4019 diversi
732 3954 904 4042 scriptores
920 3956 1080 4046 appellare
1095 3975 1345 4024 consueverunt.

308 4162 495 4231 'AZORUS
505 4157 703 4245 Hesychius,
717 4163 828 4243 Ᾰζωρος,
844 4170 960 4240 ὥκρατος
972 4167 1047 4234 οἶνος,
1061 4171 1104 4223 καὶ
1117 4174 1130 4224 ὁ
1143 4171 1289 4244 werpum
1301 4178 1345 4233 τῆς
