2859 4975
319 409 320 414 ¹
424 317 794 450 ARGONAtUTICA·
1088 383 1152 448 305

121 517 253 584 Collatis
272 517 407 606 patriam
428 531 578 581 tutantur
594 514 723 580 fortiter
740 514 872 579 armis».

161 632 215 698 Sic
233 631 304 697 ait:
325 648 358 695 at
374 632 485 696 cuncti
502 646 638 694 tenuere
657 631 784 694 silentia
802 630 920 694 tristes.

118 748 204 810 Tum
221 769 299 812 vero
315 745 480 812 AEsonidae
499 744 632 810 fidentia
646 762 779 833 pectora
796 745 883 809 Iuno

119 863 254 945 Attulit,
269 862 383 927 heroas
402 885 546 948 namque
561 863 678 952 ingens
696 884 818 926 ntoeror
833 859 983 925 habebat

162 979 254 1043 «Nos
271 1001 381 1067 neque
397 979 538 1042 latrones
555 994 595 1041 ut
610 978 777 1058 venimus,
797 977 903 1071 ullave
919 991 1032 1043 nostra

118 1079 205 1158 seva
221 1093 384 1158 lacessitos
400 1091 518 1171 injuria
535 1091 679 1156 reddidit
698 1092 825 1173 hostes,

118 1207 274 1272 Mortales
293 1207 370 1272 odio
388 1229 460 1295 quae
478 1205 545 1285 jam
566 1206 671 1270 fecere
687 1206 813 1294 priores

118 1321 216 1387 Haud
231 1322 347 1411 pauci,
364 1337 457 1411 rapto
478 1323 607 1388 lucrum
624 1321 686 1386 sihi
701 1336 798 1410 turpe
815 1337 975 1409 parantes.

118 1437 182 1502 Sed
200 1459 309 1526 neque
326 1436 474 1525 Neptuni
489 1437 640 1502 bravium
657 1436 822 1501 carissima
835 1436 943 1524 proles

118 1553 300 1619 Constituit
317 1552 443 1641 prlmus
460 1551 564 1617 Pelias
581 1569 621 1617 ut
636 1534 754 1616 vellera
773 1553 860 1616 nacti

117 1669 225 1732 Aurea
241 1667 349 1732 felices
367 1666 505 1755 patriam
521 1661 708 1755 repetamus
726 1666 853 1731 Iolcon.

115 1787 159 1851 At
176 1783 336 1847 nonnulla
359 1797 473 1846 tenent
490 1781 570 1846 socii
586 1781 669 1844 mihi
688 1782 823 1846 nomina
835 1781 961 1860 junctis

116 1900 202 1964 Nam
220 1920 334 1962 sumus
350 1896 490 1962 heroum
507 1912 565 1961 aut
581 1897 649 1961 nati
665 1896 706 1961 de
723 1897 883 1984 sanguine
899 1896 1024 1963 dirum;

115 2013 182 2078 Sed
199 2035 306 2102 neque
321 2013 482 2077 bellorum
500 2011 607 2104 ignari
620 2001 737 2075 durive
752 2010 890 2092 laboris,

116 2129 269 2217 Hospitio
283 2129 378 2218 jungi
394 2128 559 2218 petimus:
579 2123 655 2191 narn
673 2125 817 2214 denique
832 2141 997 2214 praestat».

161 2245 214 2310 Sic
231 2246 297 2326 ait,
315 2261 364 2309 ast
381 2245 528 2310 animum
548 2243 714 2308 concussit
729 2241 858 2306 flamma
874 2244 1023 2331 procelloe

52 2449 55 2456 ἡ
116 2358 223 2424 AEetae
241 2359 372 2442 similis,
391 2361 571 2447 oculosque
588 2359 720 2423 intorsit
737 2357 890 2440 acerbos,

67 2481 68 2486 ’
117 2473 332 2564 Exitiumque
349 2473 427 2540 dolo
444 2473 565 2564 Minyis
583 2471 761 2539 meditatur
778 2471 904 2562 iniquo.

115 2588 171 2655 Ad
185 2612 269 2678 quos
285 2605 334 2654 est
350 2588 482 2653 tandem
501 2590 557 2653 tali
571 2612 723 2655 sermone
741 2590 919 2678 loquutus:

162 2704 220 2773 «si
235 2720 325 2769 tanta
340 2705 375 2769 in
391 2705 484 2769 vobis
500 2705 601 2769 animi
616 2705 664 2769 vis
681 2705 795 2769 martia
811 2707 931 2794 surgit,
971 2750 974 2753 -

116 2822 164 2885 Ut
180 2837 294 2884 contra
311 2820 469 2897 instantes
485 2844 649 2911 pugnaces
665 2820 805 2885 fundere
821 2799 963 2886 Colelios

115 2936 280 3025 speretis,
297 2935 457 3023 vobisque
474 2935 591 3023 ingens
608 2935 670 2999 erit
687 2934 766 2999 inde
781 2952 959 3024 tropaeum,

115 3052 244 3117 Vellera
256 3052 404 3116 tollentes
417 3051 536 3140 patrias
552 3049 718 3139 deposcite
734 3066 852 3127 terras;

116 3166 173 3232 sin
188 3183 298 3231 autem
311 3166 407 3254 pauci
423 3181 534 3237 nostra
554 3181 730 3254 superante
746 3166 907 3255 phalange

116 3281 263 3365 Cedetis‚
281 3304 391 3371 poenas
409 3283 512 3347 solvet
526 3280 692 3346 confracta
708 3280 826 3345 carina.

115 3402 162 3465 At
176 3397 257 3463 mihi
277 3398 303 3461 si
320 3420 386 3485 qua
400 3395 498 3479 fides,
517 3414 550 3463 et
567 3397 629 3461 erit
644 3396 746 3487 magis
762 3397 842 3460 utile
858 3397 967 3480 vobis,

116 3513 266 3601 Deligere
281 3534 300 3575 c
318 3510 444 3575 cunctis
463 3511 520 3598 qui
536 3510 578 3575 sit
594 3510 798 3600 praestantior
814 3534 920 3575 unum

116 3631 212 3695 Mens
231 3629 306 3711 erit,
321 3644 359 3691 ut
377 3627 509 3692 subiens
525 3649 587 3717 ego
601 3650 673 3714 quae
690 3627 867 3690 certamina
880 3626 1006 3715 dicant,

117 3747 225 3809 Aurea
243 3743 331 3808 dona
347 3744 449 3822 ferat,
467 3755 499 3805 et
515 3762 573 3805 vos
587 3741 697 3804 honor
712 3742 774 3805 iste
791 3742 966 3809 manebit».

161 3858 214 3923 Sic
230 3856 342 3921 dicens
360 3856 496 3947 urgebat
510 3879 631 3943 equos3
647 3855 780 3946 vestigia
800 3874 889 3921 retro

117 3972 167 4036 llli
182 3971 271 4052 jussa
285 3972 409 4055 ferunt3
423 3972 549 4059 Minyas
567 3969 662 4034 dolor
675 3989 815 4060 occupat
833 3973 926 4039 altus.

118 4089 214 4155 Tune
232 4111 310 4179 ergo
328 4088 456 4154 Alcides
474 4089 558 4152 votis
580 4086 781 4176 deposcitur:
798 4073 843 4152 illi

187 4204 231 4269 II.
