2859 4975
281 379 345 442 302
391 433 392 442 ,
509 407 510 410 “
683 376 921 445 -ΟΒΡΗΕΙ
991 447 999 470 Ι

321 510 446 601 Navigii
456 547 476 591 ,>
488 527 521 575 et
537 511 689 600 pulchras
704 512 873 576 callentem
888 512 1014 577 dixerut
1027 529 1122 577 artes.
1322 545 1364 587 ,η

321 626 462 713 Suscipit
478 626 533 690 hic
549 625 649 714 igitur
665 641 837 690 temonum
856 627 940 709 lora,
957 649 1124 714 manuque

321 740 535 804 Parthenium
556 739 625 828 ipse
644 763 759 829 regens
779 743 868 829 Argo
885 739 1003 807 direxit
1019 742 1054 804 in
1074 761 1225 823 amnem,
1275 819 1280 824 p

321 856 433 920 Incola
450 878 549 944 quem
565 855 676 920 nitidis
692 855 918 944 splendentem
932 857 1012 921 dicit
1028 857 1071 920 ab
1090 857 1200 922 undis.

317 972 478 1059 Alloquor
495 971 600 1054 hunc,
615 971 747 1060 Tiphyn
761 971 887 1036 fueram
905 994 970 1060 qua
985 993 1065 1036 voce
1082 972 1253 1059 loquutus.

310 1087 459 1150 ‘Emenso
476 1087 531 1151 hic
548 1087 672 1175 apicem
691 1087 817 1174 scopuli
834 1086 997 1151 tendentis
1012 1087 1047 1150 iu
1064 1108 1177 1174 oequor
1322 1107 1362 1158 με

320 1200 524 1289 Cappadocas
541 1217 666 1290 praeter,
683 1225 782 1266 cursu
797 1224 929 1289 quoque
946 1201 1063 1289 puppis
1080 1201 1197 1265 eodem

318 1317 400 1379 Acta
413 1316 628 1380 Caranrbaciae
647 1317 754 1382 tenuit
773 1315 912 1380 confinia
931 1333 1035 1380 terrae.
1070 1353 1074 1361 ι

319 1428 389 1492 Illic
403 1429 654 1510 Thermodoon,
672 1446 704 1493 et
720 1430 818 1519 Halys
834 1430 1013 1517 perlabitur
1028 1431 1160 1520 ingens,

320 1545 386 1626 Qui
404 1568 523 1634 magno
541 1545 640 1610 salsos
655 1543 780 1608 invadit
793 1545 924 1609 turbine
936 1543 1070 1627 lluctus,

320 1661 442 1748 Lapsus
458 1662 500 1725 ab
513 1661 639 1726 Arctoae
653 1661 779 1726 Boreali
794 1663 914 1725 vertice
929 1661 1043 1750 plagae.

318 1776 429 1866 Longa
443 1777 669 1864 Themiscyres
686 1778 796 1865 regio,
819 1792 853 1840 et
865 1775 1048 1842 Boeantidos
1064 1799 1140 1843 orae.

317 1893 404 1955 Hinc
418 1908 450 1955 et
463 1889 702 1956 Amazonidum
718 1907 834 1954 turmae
847 1889 1040 1978 panduntur
1053 1907 1237 1978 equestres,

317 2008 359 2071 Et
372 2007 550 2096 Chalybes,
564 2007 858 2095 sociaequemanus
873 2007 1043 2094 Tybarena
1057 2007 1270 2094 frequentant

318 2123 446 2211 Regna,
465 2138 497 2184 et
512 2120 874 2209 Mosynesjunguntur
889 2119 924 2182 in
940 2121 1078 2184 urbibus
1093 2145 1169 2185 una.

363 2235 518 2298 Conversi
535 2232 576 2297 ad
589 2234 700 2297 laevam
717 2234 910 2298 Maurorum
928 2235 1120 2306 accessimus
1141 2257 1224 2316 orae,
1319 2253 1357 2303 7³⁵

263 2323 268 2341 ¹
318 2350 360 2412 Et
381 2347 591 2412 Mariandinis
612 2346 737 2412 vicinos
753 2346 893 2412 vidimus
913 2371 1019 2436 agros.

273 2471 276 2495 ¹
318 2465 404 2529 Hinc
421 2463 547 2527 Helices
560 2445 707 2552 ilongum
724 2462 933 2550 protenditur
950 2485 1082 2552 aequore
1094 2463 1237 2543 collum3
1302 2549 1305 2558 .

316 2579 400 2642 Hinc
419 2600 554 2665 quoque
573 2576 696 2641 litoreis
718 2576 834 2665 ingens
850 2577 987 2641 vallatur
1003 2578 1110 2647 arenis

318 2696 475 2782 Campus,
496 2708 529 2755 et
544 2692 675 2755 excelsae
690 2689 878 2779 despectant
896 2712 1026 2778 aequora
1041 2692 1147 2755 valles.

316 2808 412 2873 Mons
431 2808 549 2895 Symus
569 2822 618 2869 est
637 2806 717 2869 urbs
730 2805 803 2881 his,
820 2805 972 2869 viridanti
989 2806 1135 2895 gramine
1151 2821 1301 2893 pratum,
1315 2824 1353 2872 rto

315 2924 400 2989 Arva
417 2938 527 2986 secant
545 2936 634 2985 vasto
652 2920 791 3007 strepitu
807 2900 961 2984 derectus
975 2922 1110 3001 Araxes,

316 3037 569 3117 Thermodoon,
587 3033 719 3123 rapidus
736 3034 866 3115 Phasis,
884 3034 1065 3123 Tanaisque
1081 3034 1239 3116 fluentes,

314 3145 439 3241 Inclyta
456 3150 514 3215 ubi
535 3148 647 3213 Colchi
667 3170 765 3235 gens,
783 3148 1012 3235 Heniochique
1026 3165 1059 3213 et
1073 3152 1194 3213 Araxae.
1213 3199 1216 3205 .

358 3266 522 3356 Progressi
539 3280 700 3329 extremos
719 3280 850 3351 portus,
867 3265 1074 3352 populosque
1088 3263 1254 3347 videmus,

314 3386 418 3464 Uros,
436 3366 693 3467 Chidnaeosque,
712 3378 951 3460 Charandaeos,
967 3380 1198 3469 Solymosque,
1312 3399 1348 3448 us

314 3500 354 3562 Et
367 3499 458 3578 juxta
472 3496 636 3584 Assyrios,
653 3493 855 3580 dorsumque
873 3494 1018 3559 immane
1033 3496 1193 3585 Sinopes,
1276 3564 1280 3577 ,

310 3615 353 3679 Et
372 3610 536 3698 Philyres,
556 3610 757 3696 Nastasque,
773 3625 871 3697 atque
888 3609 1010 3697 oppida
1026 3610 1126 3675 densa
1141 3611 1327 3701 Sapeirum,

312 3732 447 3815 Byzeras
466 3746 564 3811 super
577 3724 658 3804 hos,
681 3740 714 3787 et
730 3724 893 3812 inhospita
909 3741 987 3787 rura
997 3725 1201 3814 Sigyrnnum.

309 3842 368 3906 His
385 3826 523 3927 impulsa
536 3839 614 3902 locis
628 3838 733 3903 ventis
742 3838 932 3906 'stillantibus
944 3840 1032 3928 Argo

307 3957 424 4017 Fertur
440 3952 473 4014 in
488 3951 704 4033 immensum,
725 3952 866 4017 tenebris
886 3952 1088 4040 fngientibus
1102 3955 1235 4036 orbem,
1301 3977 1338 4027 ,⁵0

308 4066 493 4144 Euxinum3
512 4059 649 4127 occiduo
670 4064 789 4129 dehinc
805 4066 946 4130 Phasida
961 4068 1029 4131 sole
1045 4066 1205 4134 videmus.
1238 4116 1241 4127 .
