2859 4975
390 309 825 432 incensorium.
853 411 856 418 .
1079 368 1142 454 369

76 509 223 580 neptem,
242 493 395 557 omittens
420 492 667 577 Ergtizumpqui
691 507 817 570 tamen,
840 511 881 552 an
904 488 991 556 idem
1009 493 1146 578 Erginus

76 600 190 678 luerit,
203 599 259 685 qui
272 600 475 686 Argonauta,
491 597 631 660 dubitari
645 611 771 682 potest,
784 595 860 682 quia
876 595 930 658 ille
946 577 1144 662 Orchomeni

76 729 129 768 ren
138 704 269 787 dicitur,
278 721 310 767 et
319 727 356 766 ex
367 703 487 790 Minyis
496 700 692 768 descendere
698 703 838 780 ,Noster
847 723 887 764 ex
897 701 1011 764 Mileto
1020 704 1146 766 venisse

76 811 215 872 refertur
236 809 276 874 ab
300 808 488 895 Apollonio,
503 807 636 894 Orpheo
658 821 691 868 et
713 807 857 893 Hygino.
880 806 912 869 Si
937 805 1005 870 duo
1028 807 1146 872 diversi

76 915 227 994 fuerunt,
242 935 357 976 eorum
376 935 427 976 res
445 927 547 1000 gestas
564 911 649 974 inter
668 933 702 973 se
719 913 872 974 confusas
889 926 1030 974 statuere
1046 912 1146 976 debe-

20 1005 23 1026 '
76 1042 159 1084 rnus.
177 1021 335 1082 Caeterum
355 1017 524 1104 Orpheus,
539 1039 585 1080 vs.
604 1014 683 1097 150,
697 1015 792 1090 dicit,

195 1207 271 1270 ΙΙλυθι
283 1212 310 1268 d’
323 1207 421 1286 Ιίργῖνος
436 1216 547 1286 Βράγχου
561 1217 695 1285 πολύπυρον
709 1216 810 1286 ἄρουραν

196 1304 365 1385 despoliaret.

77 1516 161 1596 Quae
173 1507 332 1599 interpres
342 1511 452 1591 vertit,
464 1511 552 1574 venit
561 1513 656 1574 etiam
665 1509 966 1597 ErginusBranelu',
978 1515 1022 1577 ita
1035 1515 1149 1580 distin-

76 1641 199 1706 guens,
212 1618 302 1705 quasi
326 1615 409 1680 filius
425 1616 562 1680 Branchi
579 1615 710 1696 fuisset3
728 1633 761 1679 et
778 1618 821 1680 ita
838 1619 923 1706 cepit
943 1620 1150 1685 Escehenba·
1248 1655 1252 1667 ι
1334 1641 1338 1652 ·

77 1723 190 1804 chius,
204 1723 260 1811 qui
277 1723 341 1786 hoc
358 1745 504 1810 pugnare
523 1743 598 1783 eunt
615 1720 682 1782 aliis
699 1719 794 1801 dicit,
811 1723 866 1808 qui
883 1723 1028 1810 Neptuni
1047 1724 1149 1788 filium

78 1830 220 1910 faciunt,
244 1830 319 1917 quia
351 1846 418 1892 erat
443 1839 561 1910 ἀπόγονος
581 1828 739 1916 Neptuni.
764 1828 827 1892 Sed
854 1846 1044 1915 oportuerat
1072 1855 1149 1920 ergo

77 1935 218 2000 Branchi
231 1956 333 2024 genus
347 1933 388 1996 ad
400 1935 593 2022 Neptunum
605 1931 776 1996 deduxisse
786 1957 795 2013 ,
806 1933 863 1996 sed
874 1935 1150 2024 Branchusrulgo

79 2039 239 2127 Apollinis
249 2039 334 2103 filius
345 2039 515 2118 statuitur;
529 2037 602 2100 vide
613 2038 701 2101 Lact.
715 2036 757 2099 ad
774 2037 851 2100 Stat.
859 2038 1054 2120 Theb.VIIl,
1071 2043 1149 2126 198,

79 2143 227 2232 quamvis
237 2143 426 2206 etVarronis
434 2192 443 2225 ,
452 2166 549 2230 quem
558 2141 707 2222 adducit,
719 2141 806 2222 loco,
816 2143 924 2230 potius
935 2143 1149 2222 ejusamasius

78 2250 226 2314 videatur
237 2250 353 2330 fuisse3
364 2266 402 2312 ut
418 2265 450 2312 et
467 2250 536 2336 ipse
552 2236 736 2310 Lactantius
748 2249 792 2311 ait
809 2247 851 2310 ad
867 2249 922 2312 lib.
935 2251 991 2330 III,
1003 2251 1079 2338 478,
1093 2251 1149 2315 ubi

80 2356 272 2420 Thessalum
287 2355 366 2420 dicit
383 2353 482 2417 luisse
493 2377 502 2435 3
514 2355 587 2417 vide
601 2371 634 2417 et
650 2356 777 2416 Conon.
795 2355 920 2418 Narrat.
936 2357 1083 2420 XXXIII
1096 2407 1106 2436 ,
1119 2377 1152 2421 et

80 2464 209 2551 Menag.
226 2461 268 2526 ad
283 2461 386 2525 Laert.
404 2461 434 2541 1,
453 2483 505 2548 72.
527 2461 641 2549 Quare
652 2461 704 2524 illa
722 2460 843 2549 Orphei
861 2461 905 2550 ita
923 2462 1097 2550 capienda,
1114 2481 1152 2528 ut

80 2568 282 2648 conjunctim
302 2576 452 2647 ἐκπρολιπὼν
467 2577 567 2646 ἄρουραν
586 2576 710 2646 Βράγχου,
728 2582 905 2649 vertantur,
920 2569 1063 2657 linquens
1086 2586 1150 2634 ter-

80 2698 149 2737 ram
178 2672 332 2751 Branehz',
353 2672 387 2735 id
412 2688 473 2747 est,
495 2670 662 2751 Miletum,
679 2672 729 2733 vel
753 2672 821 2751 ejus
848 2697 979 2761 agrum,
1000 2675 1058 2737 ubi
1083 2692 1151 2741 erat

81 2781 242 2867 templum
253 2778 390 2842 Branchi
401 2828 410 2860 ‚
421 2776 460 2841 de
473 2800 539 2864 quo
555 2778 663 2840 omnia
679 2795 774 2857 nota,
786 2794 817 2839 et
831 2765 916 2842 dicta
931 2780 999 2842 aliis
1013 2782 1067 2844 hic
1081 2806 1148 2846 non

81 2883 257 2974 repetenda
272 2882 433 2970 videntur
457 2881 511 2967 [Et
527 2882 571 2943 ita
589 2881 822 2967 interpretatur
837 2907 969 2970 quoque
985 2886 1149 2952 Gesnerus

82 2992 173 3054 illum
189 2990 299 3052 locum
318 2988 350 3050 in
370 3010 425 3050 sua
443 2986 596 3048 editione.
615 2985 772 3071 Hlarus]

126 3236 347 3318 ERIBOTES,
364 3235 529 3300 Teleontis
547 3232 648 3311 filius,
668 3250 867 3297 memoratus
884 3238 1032 3323 Apollon.
1047 3244 1073 3321 l,
1088 3244 1150 3327 733

82 3344 187 3409 Valere
202 3346 333 3423 Flacco,
348 3345 381 3424 Ι,
399 3346 481 3424 402,
499 3358 531 3405 et
550 3342 690 3429 Hygino.
711 3340 862 3427 Orpheus
884 3358 916 3405 et
931 3345 1149 3430 Apollodorus

83 3476 160 3518 eum
179 3452 341 3538 ignorant.
357 3448 536 3513 Obscurior
551 3448 649 3526 hujus
665 3448 860 3536 Argonautae
876 3449 987 3537 origo5
1005 3474 1079 3513 nam
1097 3454 1151 3520 hic

81 3559 224 3637 Teleon,
239 3555 307 3635 ejus
326 3570 427 3641 pater,
442 3552 586 3616 diversus
602 3568 651 3615 est
666 3553 870 3634 aTeleonte,
885 3572 975 3639 patre
992 3557 1097 3637 Butae,
1115 3578 1153 3623 ut

82 3680 175 3727 notat
198 3660 365 3724 Scholiast.
385 3659 535 3745 Apollon.
556 3656 599 3719 ad
615 3658 670 3720 lib.
689 3659 719 3737 Ι,
736 3662 795 3743 94,
811 3680 870 3720 nee
895 3676 1003 3725 tamen
1032 3663 1154 3729 indicat

82 3771 155 3857 quis
175 3766 292 3847 luerit,
313 3781 370 3827 aut
391 3764 479 3827 unde
505 3761 674 3826 oriundus.
699 3764 858 3827 Eumdem
878 3765 973 3829 etiam
991 3792 1077 3850 esse,
1097 3773 1156 3859 qui

82 3878 257 3963 Eurybates
274 3870 316 3938 ab
335 3875 402 3937 aliis
419 3889 569 3951 vocatur,
589 3894 628 3935 ex
645 3871 814 3936 Herodoto
833 3890 925 3937 notat
947 3876 1034 3941 idem
1051 3880 1154 3943 Scho-

80 3986 189 4047 liastes
208 3981 348 4045 advers.
368 3980 428 4067 733
451 3996 484 4041 et
505 3979 654 4066 Hyginus
675 3978 708 4041 in
734 3978 799 4043 fine
822 4002 891 4067 cap.
909 3987 948 4059 14
965 3982 1043 4047 dicit
1057 3987 1090 4047 in
1109 4010 1157 4049 re.

81 4091 234 4153 versione
257 4086 389 4173 periisse
406 4086 591 4167 Eurybaten
607 4084 771 4147 Teleontis
795 4084 916 4168 filiurn,
943 4113 1039 4175 quem
1065 4108 1157 4155 antea

72 4210 83 4239 Ν
174 4195 218 4257 II.
985 4201 1025 4272 24
