2859 4975
195 409 244 476 nt
272 411 349 478 nn.
373 387 466 476 om.
489 409 598 479 Ano:
619 416 729 480 non
759 418 875 484 nuru.
899 422 1045 494 norm.
1097 455 1158 500 211

76 521 162 576 Exstat
175 522 204 578 in
218 522 292 576 hunc
306 522 395 575 locum
410 525 512 596 egregia
523 525 640 597 Adolphi
660 535 760 581 Dureau
773 536 805 584 de
819 541 930 589 Lamalle
941 539 1087 599 adnotatio.
1102 549 1158 603 Μο,

75 606 123 658 rito
133 618 227 660 monet
241 608 311 660 banc
324 609 449 660 orationis
466 611 666 679 confusionem,
680 617 736 675 ille,
752 620 839 678 AEeta,
853 619 965 677 diversa
978 644 1098 694 personae
1111 649 1157 684 vo·

76 693 184 758 cabula,
194 693 422 763 perturbationem
435 694 517 746 animi
536 708 596 766 apte
609 698 735 768 pingere;
753 702 912 771 exquisitam
924 707 1024 761 Medea
1035 711 1068 764 de
1081 727 1157 784 patre

74 775 206 845 loquentis
221 775 407 847 gradationem
424 777 578 845 admiratur,
596 799 655 852 quae
672 783 762 853 primo
779 787 932 856 gravitatem
947 794 1032 864 eulpae
1049 808 1154 850 tantum

73 859 206 929 cogitans,
224 862 299 912 tertia
320 860 403 912 utitur
421 881 553 934 persona,
562 869 680 934 profuge
696 873 797 935 genitor
815 891 881 923 nune
899 878 959 937 ille,·
972 896 1050 943 mox,
1069 901 1154 953 quum

74 943 159 1014 ipsum
172 956 308 1015 tamquam
315 957 473 1016 praesentem
485 947 565 1000 audet
576 949 675 1021 alloqui
685 988 692 1011 ‚
701 955 789 1002 AEeten
800 965 903 1008 tantum
912 961 1032 1014 nominat
1041 980 1048 1025 ;
1058 977 1159 1036 postre-

74 1045 131 1090 mo,
142 1029 222 1098 quasi
236 1029 359 1101 lacrymis
366 1048 399 1082 ac
409 1029 502 1110 dolore
512 1043 616 1103 patrem
626 1033 676 1085 sibi
686 1034 808 1088 videatur
816 1039 982 1118 aliquatenus
996 1047 1156 1118 placavisse,

73 1110 122 1164 hoc
131 1115 218 1178 patris
230 1130 328 1165 nomen
342 1113 430 1165 liberis
445 1115 531 1186 culpas
543 1117 654 1170 consciis
669 1120 786 1173 maxime
796 1125 943 1179 verendum
952 1131 1072 1201 prolerre
1084 1135 1162 1189 susti·

77 1208 119 1248 net
129 1213 137 1247 t
152 1216 185 1246 ne
197 1201 270 1248 crede
277 1235 285 1258 ‚
293 1213 378 1264 pater.
799 1202 803 1213 ‘

106 1281 171 1334 llssc
194 1280 308 1335 feliciter
327 1282 428 1335 invenit
447 1282 620 1358 exposuitque
639 1285 780 1358 Adelphos
801 1295 903 1342 Dureau
923 1297 955 1344 de
971 1302 1093 1352 Lamalle,
1115 1301 1155 1355 Eo

74 1365 199 1419 libentius
220 1365 326 1420 laudem
348 1366 460 1420 merenti
481 1385 554 1422 nune
575 1369 719 1424 tribuimus
738 1371 814 1440 vim,
834 1374 907 1447 quod
926 1391 1058 1434 errantem
1080 1383 1156 1438 inviti

74 1466 139 1522 supe
157 1449 390 1522 reprehendimus

106 1597 140 1652 V.
158 1600 202 1650 16.
210 1601 297 1658 Dixit,
310 1614 334 1650 et
344 1603 471 1652 lloemouio
482 1620 612 1670 nunquam
628 1588 766 1670 spernenda
776 1610 877 1662 marito.
887 1641 923 1650 -
932 1611 1073 1682 Conf,V1‚
1089 1619 1156 1674 500:

74 1701 187 1749 spernere
197 1702 243 1732 nec
254 1702 357 1749 usquam
371 1686 490 1734 Mendaci
496 1687 595 1751 captiva
604 1689 670 1736 viro.

18 1843 19 1848 ¹
105 1820 140 1872 V.
153 1838 197 1872 ao.
208 1822 269 1871 Inde
277 1824 347 1872 velut
357 1835 421 1872 torto
432 1823 563 1874 Furiarum
575 1837 656 1876 erecta
661 1827 779 1894 flagello.
788 1859 824 1868 -
834 1829 1006 1889 Burmannus
1021 1854 1102 1890 erecta
1112 1860 1155 1893 ex-

73 1901 173 1973 plieat:
200 1929 211 1949 ι
227 1903 312 1965 lecto,
326 1921 405 1974 quem
422 1902 588 1974 gemebunda
606 1920 755 1976 presserat,
769 1912 878 1965 excitata
890 1940 911 1967 n.
932 1916 984 1969 Per
998 1934 1059 1972 eum
1077 1923 1156 1994 igitur

74 2005 126 2039 non
137 1999 206 2052 stat,
219 1987 287 2059 quin
299 1986 421 2040 Medeam
436 2007 449 2038 e
458 1991 558 2055 palutio
569 1993 684 2056 prou'lire
697 2011 760 2044 cum
772 1994 915 2067 Wagnero
933 2000 1077 2074 intelligam
1094 2008 1156 2062 vide

72 2087 160 2138 snpra,
173 2070 221 2123 lib.
232 2070 320 2133 VIII,
338 2084 394 2126 not.
410 2089 459 2135 no;
472 2071 553 2144 hujus
564 2072 615 2126 vol.
630 2092 691 2145 pag.
707 2093 765 2145 17²·

103 2197 138 2250 V.
151 2217 194 2252 ιι.
208 2235 233 2250 ·.
245 2237 251 2250 .
262 2235 269 2248 ·
279 2193 305 2252 .'.
320 2201 425 2264 attonito
438 2202 519 2266 qualis
529 2203 593 2266 pede
602 2203 703 2266 prosilit
714 2207 762 2254 Ino

195 2291 226 2336 Iu
231 2288 318 2352 freta,
331 2305 376 2338 nee
379 2289 455 2353 parvi
463 2290 572 2338 meminit
581 2290 716 2340 conterrita
725 2294 781 2343 uati
787 2331 795 2353 ,

197 2375 274 2436 Quem
284 2385 364 2431 tenet,·
375 2385 510 2422 extremum
523 2375 685 2441 eonjuafirit
692 2377 775 2426 irritata
787 2380 907 2434 Isthmon.

70 2475 189 2543 «Poeta,
201 2476 290 2549 inquit
302 2476 476 2549 Wagnerus‚
495 2476 617 2552 Medeam
633 2495 773 2553 comparat
789 2504 850 2538 cum
869 2487 972 2555 Inone,
984 2494 1154 2555 Athamantis

69 2561 182 2631 conjuge
192 2600 199 2625 ,
209 2561 274 2633 qui,
288 2581 373 2634 quum
387 2580 400 2613 a
415 2562 520 2614 Iunone
535 2562 563 2615 in
578 2565 697 2619 furorem
713 2579 789 2619 aetus
803 2582 881 2634 esset,
894 2590 1003 2637 uxorem
1013 2582 1153 2649 proleaena

69 2644 188 2698 habitam
198 2657 374 2717 persequutus
387 2658 441 2698 est:
455 2648 531 2719 cujus
543 2647 597 2701 iras
610 2648 752 2729 evitatura,
760 2651 845 2707 Furiis
861 2667 887 2707 et
903 2655 959 2726 ipsa
973 2659 1068 2729 agitata
1082 2666 1152 2743 Ino,

69 2728 96 2781 in
114 2730 177 2786 sinu
195 2748 289 2801 gerens
309 2730 422 2783 filiolum
438 2730 601 2785 Melicertam
622 2736 703 2803 (nam
722 2736 851 2801 alterum,
870 2738 1041 2809 Learchum,
1060 2751 1151 2818 paullo

69 2825 130 2867 ante
140 2813 270 2868 Athamas
285 2827 437 2887 correptum
452 2834 515 2869 saxo
533 2816 665 2881 alliserat;
679 2818 741 2876 vide
760 2839 856 2893 snpra,
875 2824 926 2891 ΙΙΙ,
945 2828 1009 2897 68),
1023 2831 1058 2885 nd
1077 2851 1152 2889 mare

69 2898 237 2968 properavit,
254 2909 280 2949 et
295 2916 357 2949 cum
368 2898 425 2969 ipso
437 2899 550 2971 puerulo
563 2900 592 2952 in
606 2920 681 2953 mare
694 2920 723 2955 se
733 2906 896 2977 precipitem
907 2908 982 2963 dedit
994 2932 1010 2963 e
1020 2919 1129 2987 scopulo
1141 2940 1149 2985 ;

68 2999 126 3049 qua
141 2980 230 3034 omnia
247 2982 357 3033 uberius
375 2995 528 3035 narrantem
552 2986 662 3037 consule
675 2985 818 3055 Ovidium,
832 2989 942 3044 Metam.
966 2995 1017 3059 IV,
1038 3004 1090 3061 416
1109 3021 1150 3074 sq,

69 3065 125 3117 lam
140 3084 205 3118 vero
224 3062 303 3137 plana
322 3066 428 3129 omnia,
445 3069 586 3120 obscurrus
607 3082 696 3121 tamen
712 3070 821 3137 ultima,
837 3091 865 3124 v.
885 3074 933 3137 23,
947 3078 1040 3130 extulit
1054 3096 1149 3152 poeta:

70 3162 204 3199 extremum
216 3151 310 3215 conjux
319 3150 386 3214 serit
405 3152 487 3201 irritus
501 3152 621 3203 Isthmon.
634 3150 803 3205 Burmannus
818 3156 854 3207 ita
870 3158 1000 3229 explicat,
1019 3177 1050 3216 ut
1065 3168 1148 3221 Atha·

70 3244 184 3285 mantem
197 3230 234 3285 ad
246 3244 391 3285 extremam
402 3233 485 3286 litoris
496 3252 571 3309 oram
585 3235 747 3301 substitisse,
758 3248 785 3288 et
796 3239 885 3292 furore
897 3242 986 3310 inani,
1002 3248 1149 3317 quodeva.

70 3316 130 3367 serit
138 3316 263 3369 manibus
276 3320 390 3389 conjux,
402 3316 516 3390 pedibus
529 3317 647 3391 pulsasse
657 3332 756 3371 terram
766 3323 907 3379 existimet.
919 3327 988 3380 Mihi
996 3343 1085 3385 autem
1095 3337 1149 3390 Va-

70 3399 148 3452 lerius
157 3398 344 3453 Athamantem
354 3399 392 3453 ita
404 3420 489 3471 prope
499 3402 563 3455 Inus
575 3404 690 3475 vestigiis
700 3402 867 3459 insistentem
879 3410 983 3463 videtur
996 3414 1148 3485 induxisse,

70 3493 98 3533 ut
111 3502 170 3537 ense
184 3483 293 3536 ¹sublato
312 3484 397 3555 ipsam
414 3484 502 3539 adhuc
519 3498 627 3557 tangere
647 3500 726 3560 etque
740 3491 820 3544 lerire
837 3493 972 3562 crederet,
989 3498 1043 3553 ictu
1058 3515 1148 3559 tamen

69 3564 141 3617 inani
153 3568 183 3619 in
197 3580 344 3621 extremum
358 3569 499 3639 scopulum
511 3568 731 3627 debaccharetur.
744 3599 755 3620 ι

104 3694 138 3745 V.
151 3700 198 3764 291
209 3699 302 3747 Velatis
320 3699 433 3746 comibus
455 3710 480 3747 et
495 3699 553 3763 jam
573 3703 644 3749 Luna
665 3704 745 3752 veuit.
759 3700 867 3753 -Haec
881 3702 970 3774 imago
988 3709 1079 3764 Dianae
1092 3734 1147 3785 prae

69 3776 227 3830 verecundia
237 3778 297 3830 velo
307 3790 386 3850 caput
400 3778 557 3855 obducentis
567 3819 575 3846 ,
585 3783 706 3853 quemvis
719 3784 855 3855 jucunda,
867 3806 921 3840 non
935 3788 1073 3847 Heinsinm
1089 3800 1146 3869 pla.

70 3877 129 3909 care
140 3862 240 3931 potuit,
251 3861 297 3933 qui
311 3862 471 3933 conjiciendi
481 3862 592 3917 libidine
601 3867 723 3935 pruriens
732 3870 856 3939 proponit
866 3874 938 3926 elatis
946 3881 1073 3941 cernuus,
1084 3894 1148 3936 tam.

69 3960 148 4011 quam
159 3944 245 3997 Diana
256 3945 352 3997 talibus
363 3958 476 4012 assueta,
489 3949 557 4001 elato
568 3950 653 4021 capite
664 3952 788 4005 inviseret
798 3968 941 4010 amantem.

106 4064 258 4120 V.35.1eea
271 4070 358 4119 timore
370 4073 442 4139 gravi
453 4075 561 4123 mediam
572 4092 598 4122 se
611 4076 720 4127 immisit.
735 4109 769 4116 -
778 4078 874 4131 Varias
887 4081 1013 4135 lectiones
1028 4091 1146 4144 consule.

69 4148 158 4199 Lectio
166 4164 222 4202 aeta
231 4150 326 4204 melius
338 4154 512 4207 conveniebat
521 4174 584 4209 cum
594 4159 784 4227 sequentibus,
795 4167 902 4215 mediam
910 4186 936 4217 se
945 4169 1044 4219 imruz’sit
1049 4194 1060 4231 ,·
1067 4192 1147 4244 quam

964 4273 1012 4346 14.
