2859 4975
397 381 816 447 Aneoninriaurr.
1082 387 1144 477 337

72 508 151 571 loeis
171 521 282 570 motus
298 505 338 568 ol.
353 503 543 567 Perizonius
562 503 649 590 apud
666 506 835 594 Hyginum
851 507 924 570 loco
940 527 1096 598 corrupto
1112 527 1146 576 et

72 613 208 695 mutilo,
226 612 283 675 ubi
299 609 433 699 legitur,
451 609 608 674 Atoaota
626 610 749 674 Thestii·
756 607 854 696 filia,
879 613 1013 678 rescribi
1031 615 1146 700 jubet,

73 717 289 808 Amphiaraus
318 715 434 781 OEolei
454 713 561 796 filias,
591 731 692 780 matre
721 717 961 806 Hypermestra,
985 722 1146 810 Argivus3

62 822 165 912 'quod
180 846 242 888 nos
259 841 320 888 nec
335 806 495 903 refellere,
511 839 572 886 nec
585 822 723 909 probare
738 823 917 907 audemus3
936 825 1013 891 licet
1026 830 1146 917 proba·

72 930 148 994 bilis
164 929 207 994 sit
219 929 421 1009 conjectura,
440 928 515 1014 quia
533 925 654 990 dicitnr
674 949 692 990 a
712 927 807 992 Statii
826 929 1015 1014 Scholiaste,
1037 934 1072 1016 I,
1091 937 1145 1020 dr,

73 1033 196 1123 Lyncei
212 1049 247 1097 et
264 1036 502 1121 Hypermestre
516 1031 619 1114 filius3
638 1033 857 1121 erraveritque
872 1036 957 1100 forte
974 1037 1027 1102 ille
1043 1039 1147 1104 Scho-

74 1136 670 1225 liastes‚confundensHypermestram
680 1139 783 1202 Danai
794 1138 908 1222 filiam,
927 1165 1001 1230 quae
1015 1145 1146 1233 Lynceo

75 1261 178 1335 nupta
190 1245 272 1328 luit,
287 1267 363 1309 oum
377 1245 608 1331 Hypermestra
620 1243 744 1308 Thestii
758 1243 841 1327 filia,
858 1269 931 1334 quae
945 1249 1058 1319 Oicleo
1074 1273 1150 1315 oon·
1228 1309 1232 1313 ,

72 1354 185 1433 juncta
210 1349 312 1415 edidit
333 1349 567 1445 Amphiaraum
573 1373 587 1429 ;
607 1349 663 1438 qni
685 1349 837 1415 Thestius
862 1351 889 1414 si
912 1349 999 1416 idem
1016 1353 1072 1436 sit,
1092 1355 1149 1443 qui

75 1453 169 1522 Ledte
186 1472 279 1545 patet
293 1454 414 1520 dieitur
428 1455 536 1522 Schol.
553 1455 705 1542 Apollon.
719 1456 755 1537 Ι,
774 1456 835 1537 46,
853 1454 910 1519 uhi
926 1477 1080 1546 corrupte
1100 1462 1148 1524 le-

75 1564 164 1653 gitur
175 1573 302 1644 θίσπιος,
317 1577 349 1626 et
362 1561 430 1640 ejus
446 1577 549 1625 mater
565 1577 677 1625 vocata
693 1561 897 1626 Androdr'ee:
920 1563 974 1627 ille
993 1565 1146 1631 Thestius

76 1670 139 1734 fuit
155 1668 270 1733 Martis
285 1683 317 1746 et
330 1665 483 1731 Pisidi'ces
498 1663 599 1748 filius,
616 1681 696 1730 teste
711 1667 887 1731 Plutarcho
901 1668 943 1732 de
956 1669 1098 1736 llumin.
1112 1674 1147 1736 in
1228 1714 1231 1720 ‹

76 1776 242 1862 Aeheloo,
253 1764 325 1862 quse
335 1773 470 1838 Pisidice
483 1772 571 1838 AEoli
579 1771 660 1857 filia,
670 1774 801 1838 Crethei
813 1797 923 1859 soror,
938 1776 1025 1841 etita
1038 1779 1148 1842 Jasoni

74 1881 176 1946 etiam
208 1879 479 1968 consanguineus.
501 1879 550 1942 Ex
575 1878 626 1942 his
656 1894 763 1965 patet,
788 1902 894 1944 errare
922 1880 1148 1947 doctissimum
1218 1903 1223 1908 ·

75 1988 243 2076 Baylium,
263 1986 322 2074 qui
339 2000 432 2073 putat
447 2007 464 2048 a
478 1984 549 2048 solo
563 1983 762 2072 Apollodoro
780 2009 857 2050 eum
879 1988 1074 2076 Argonautis
1087 1988 1146 2055 ad·

74 2106 287 2156 numeratum
302 2089 400 2172 tradi,
417 2089 476 2177 qui
491 2089 585 2177 plura
602 2089 644 2153 de
659 2090 861 2177 Amphiarao
880 2094 1058 2181 congessit,
1082 2119 1150 2183 quo

73 2199 233 2264 lectorem
250 2196 456 2262 remittimus.
480 2195 608 2263 Patrem
634 2195 702 2275 ejus
726 2196 851 2275 Oielea,
870 2220 938 2262 non
964 2199 1073 2263 loclea
1089 2224 1148 2266 vo·

73 2303 241 2386 candum,
266 2302 379 2368 docuit
405 2300 585 2368 Munkerus
612 2299 653 2365 ad
679 2303 899 2391 Hyginfabt·
917 2303 991 2370 128.
1019 2307 1151 2371 Oicleus

72 2430 154 2475 vero
169 2424 239 2473 erat
254 2406 339 2472 filius
360 2407 523 2497 liphatae,
540 2407 694 2497 Tiphates
712 2407 946 2498 Melampodis,
970 2411 1028 2499 qui
1043 2413 1148 2502 Amy-

73 2514 225 2596 thaonis,
241 2529 273 2577 et
288 2514 341 2577 ille
352 2514 498 2593 Crethei3
515 2512 590 2579 vide
606 2514 755 2581 Eustath.
772 2513 814 2578 ad
825 2514 917 2580 [liad.
930 2517 980 2600 II,
996 2518 1080 2601 6663
1093 2520 1152 2583 sed

73 2618 244 2688 Diodorus
256 2620 394 2701 Siculus,
406 2620 462 2685 lib.
470 2620 528 2703 IV,
542 2643 574 2708 p.
588 2620 666 2702 166,
678 2621 800 2711 Oiolea,
811 2622 874 2686 sub
884 2624 1026 2689 Hercule
1037 2643 1151 2690 contra
1282 2601 1286 2612 .

72 2726 302 2803 Laomedonta
332 2726 540 2807 militantem,
567 2726 764 2815 Anphr'arat'
785 2727 889 2791 filium
912 2728 1010 2795 facit:
1028 2732 1086 2819 qui
1109 2756 1151 2797 an

72 2835 167 2899 idern
182 2834 238 2915 sit,
255 2855 296 2897 an
310 2832 495 2895 nomenari
510 2831 662 2895 habuerit
673 2832 714 2896 ab
729 2833 932 2920 Amphiarao
947 2838 1077 2920 neseio,
1093 2862 1154 2903 nec

74 2942 200 3022 etiam,
218 2961 259 3003 an
275 2940 370 3027 plane
392 2938 473 3002 alius
489 2959 496 3002 :
513 2960 587 3000 narn
603 2937 738 3002 Diodor.
756 2938 811 3002 lib.
826 2940 883 3021 IV,
898 2963 970 3030 pag.
997 2942 1077 3024 188,
1094 2945 1153 3008 Oi·

74 3049 188 3112 cleum
201 3046 290 3110 huno
309 3042 412 3109 filium
433 3042 618 3130 Antiphatis
633 3058 666 3107 et
678 3044 883 3131 Xeuxippes,
904 3064 1058 3134 nepotem
1081 3050 1152 3113 Me-

74 3148 240 3240 lampodis
251 3150 346 3232 facit,
363 3173 461 3238 quem
473 3148 556 3213 vide.
570 3150 719 3237 Hyginus
733 3172 774 3212 eo
787 3150 861 3213 looo
875 3167 909 3215 et
927 3152 991 3216 fab.
1001 3162 1051 3241 7⁰
1061 3153 1153 3218 addit

76 3258 180 3323 etiam
197 3255 355 3345 Apollinis
381 3254 482 3319 filium
509 3254 675 3337 habitum3
698 3254 757 3319 sed
781 3255 835 3319 illa
862 3257 974 3346 opinio
993 3258 1150 3343 invaluit,

77 3363 156 3452 quia
174 3384 279 3451 augur
291 3363 435 3426 velvates
448 3361 524 3444 suit3
543 3379 647 3427 mater
664 3361 891 3447 Clytemestra
903 3362 1026 3446 dicitur
1045 3364 1151 3431 eidem

77 3469 214 3558 Hygino
236 3466 359 3531 ibidem
378 3483 410 3531 et
427 3465 485 3555 733
507 3469 616 3533 nescio
633 3484 763 3550 tamen,
780 3491 821 3531 an
846 3468 1081 3552 clytemnestra
1095 3494 1155 3536 no·

79 3596 159 3640 men
174 3572 217 3636 sit
228 3571 465 3661 repudiandum
476 3622 485 3655 ,
496 3572 586 3660 quod
598 3574 633 3637 in
646 3574 770 3637 Thestii
785 3573 904 3638 familia
914 3574 1043 3639 videtur
1052 3579 1154 3666 magis

80 3680 265 3745 usitatum:
288 3701 363 3741 narn
395 3678 474 3757 ejus⁴
491 3676 555 3742 filia
581 3677 667 3741 Leda
699 3679 796 3743 etiam
829 3680 914 3761 fnit3
943 3679 1017 3745 vide
1047 3682 1154 3751 Schol.

80 3784 234 3873 Apollon.
249 3782 284 3864 I,
315 3784 386 3861 146.
407 3784 511 3862 Hujus
535 3805 612 3846 vero
629 3784 727 3847 altera
743 3782 972 3867 clytemnestra
988 3787 1158 3875 Agamem·
1177 3833 1180 3841 -

82 3889 182 3953 nonis
209 3910 306 3969 uxor,
329 3910 413 3951 uxor
431 3887 627 3975 Amphiarai
646 3887 802 3974 Eriphyle
821 3887 902 3971 fuit,
926 3890 1019 3970 eujus
1047 3892 1157 3959 fabula

13 4014 15 4051 i
82 4009 181 4074 nota,
194 3992 248 4055 illa
269 4008 378 4071 autem
401 4014 505 4079 quum
529 3992 626 4057 luerit
648 3990 710 4055 filia
725 3992 813 4057 Talai
832 3995 1042 4082 Argonauta,
1060 4000 1156 4063 etiam

83 4098 232 4163 Cretheis
247 4114 336 4181 erat,
350 4096 423 4161 vide
436 4098 470 4161 in
489 4096 603 4161 Talao.

175 4204 219 4268 ΙΙ.
985 4229 1024 4267 aa
