2859 4975
314 421 440 522 NOVl
471 419 715 484 EDITOlllS
747 417 930 486 NOTAE..
1002 437 1012 466 ⁰
1083 421 1141 483 165

42 533 45 542 1
117 561 148 613 V.
159 565 220 624 614.
240 563 328 621 Gusit,
342 576 366 611 et
377 565 413 612 ad
426 565 505 613 socias
519 565 633 628 paullum
651 579 677 610 se
693 562 787 611 returlit
798 562 876 611 lieres.
886 590 922 600 -
931 558 1000 612 Hinc
1017 572 1095 630 atque
1113 579 1143 612 ex

88 664 156 697 versu
177 645 230 712 593
249 645 368 715 arguitur
381 647 543 716 Argonautas
563 655 589 697 et
607 643 678 715 ipsos
695 644 724 695 in
743 661 839 714 campo
856 642 948 695 Mania
967 641 1064 705 fnium
1083 641 1145 695 vide
1194 699 1198 705 ,

88 745 160 798 supra
172 738 229 779 not.
244 726 304 779 ⁵58.

116 878 149 931 V.
158 881 221 946 619.
232 882 303 931 Prior
316 899 371 932 eme
380 883 481 948 sequaci
489 885 584 948 AEquat
593 882 665 930 lamo
680 895 784 931 cuncos.
792 909 827 920 -
836 884 925 930 liutem
934 897 1062 947 sequacem
1073 897 1148 934 aecus

87 983 114 1016 ac
122 965 276 1035 Wagnerus
285 965 420 1036 intelligo:
433 964 499 1017 mihi
510 963 614 1018 videtur
624 963 680 1016 lraec
689 982 742 1015 vox
751 963 846 1034 agendi
856 963 1014 1044 celeritatem
1024 981 1055 1015 ac
1068 961 1149 1033 impe·

87 1061 137 1100 tum
159 1049 265 1102 tasonis
285 1051 411 1121 pingere,
430 1049 493 1120 qni,
517 1049 559 1102 rix
586 1067 641 1102 uno
667 1048 744 1100 hoste
768 1048 905 1113 confecto,
928 1048 1038 1100 alterum
1060 1047 1148 1102 rtatim

87 1142 201 1202 occupat.

118 1301 151 1352 V.
164 1302 216 1353 620
220 1337 505 1353 .................
520 1303 618 1354 rutilum
629 1303 732 1350 thoraca
741 1303 851 1367 sequenti

233 1392 285 1436 Aut
290 1389 385 1453 primas
397 1405 413 1436 a
423 1399 502 1436 matre
512 1404 599 1436 manue
606 1388 695 1452 premit
705 1386 787 1434 obvius
797 1397 862 1435 aute.

87 1556 98 1573 «ι
106 1533 199 1580 Primus
213 1549 231 1580 a
241 1543 333 1590 mam,
343 1540 413 1582 terra
422 1565 430 1592 ,
440 1541 573 1600 porrectas
584 1547 670 1579 manus
677 1531 779 1594 premit,
787 1539 912 1598 amputat.
922 1528 1024 1580 Locum
1036 1528 1152 1579 calebro-

87 1631 140 1665 sum
156 1612 218 1665 facit
237 1616 360 1680 sequenti,
376 1611 449 1684 quod
466 1631 550 1684 quum
570 1613 605 1663 ob
622 1612 739 1682 proxime
752 1610 903 1682 praecedens
916 1615 1028 1679 sequaci,
1043 1621 1100 1663 tum
1116 1613 1152 1663 ob

22 1705 27 1714 ’
86 1694 281 1748 oolloeationem
291 1713 346 1746 non
359 1695 452 1766 placet.
469 1694 551 1759 Quod
567 1695 588 1747 ai
601 1706 688 1747 tamen
706 1696 801 1766 jungas
815 1695 896 1747 verbo
905 1698 1007 1762 premit,
1020 1708 1077 1747 tum
1088 1694 1151 1747 ferri

86 1780 182 1851 potuit,
201 1779 254 1832 hoe
275 1798 370 1834 sensu:
389 1780 464 1833 Colla
487 1790 621 1850 amputat,
641 1779 797 1850 priusquam
819 1779 924 1832 humeri
945 1791 1150 1842 anomoeorum,

86 1865 213 1932 sequenti(
223 1863 410 1936 sequentibus)
424 1865 470 1936 qui
477 1876 536 1933 post
545 1866 589 1916 lios
599 1864 641 1916 vel
650 1863 787 1916 thoracem
797 1864 840 1916 vel
847 1865 946 1935 primae
958 1881 1054 1914 manus
1065 1869 1075 1930 (
1085 1863 1152 1934 digi-

87 1949 142 2013 tos)
155 1946 344 2017 protruderent
355 1986 363 2013 ‚
374 1947 423 2000 hoe
433 1960 563 2019 occupat,
574 1967 623 2000 nec
635 1947 735 2017 patitur
745 1948 811 2000 ultra
823 1948 968 2016 provenire.
979 1947 1065 2000 Possis
1074 1947 1152 1999 etiam

87 2030 172 2101 legere
187 2033 296 2100 sumu,
310 2032 329 2083 i.
348 2050 370 2084 e.
387 2032 542 2102 proferenti.
559 2031 610 2085 Sed
623 2031 660 2084 nil
677 2050 746 2102 epm
756 2057 778 2083 n.
791 2031 834 2084 Sic
843 2033 1005 2102 Wagnerm.
1016 2062 1051 2071 —
1064 2035 1165 2082 Primae.

88 2135 103 2164 a
116 2129 195 2165 matre
204 2134 291 2166 marrus
301 2127 361 2167 sunt
372 2135 458 2166 marrus
472 2135 485 2165 e
503 2130 569 2165 terra
585 2113 698 2184 primum
712 2125 882 2186 emergentes.

123 2284 154 2335 V.
166 2285 219 2336 623
223 2321 314 2336 ......
334 2287 443 2334 addim
455 2303 529 2351 quam
544 2303 618 2351 quum
634 2285 770 2347 Tirynthius
783 2285 875 2348 Hydra

242 2369 349 2436 Agmina
368 2369 494 2420 Palladios
514 2370 619 2436 defessus
639 2370 736 2435 respicit
751 2370 826 2434 r'gues.

369 2449 380 2472 0

91 2498 233 2553 Cavillator
246 2497 352 2569 quidam
366 2495 498 2557 medicus,
516 2495 567 2549 hoc
580 2496 696 2550 facinore
710 2497 813 2558 fretur,
832 2496 1009 2548 cauteriorum
1023 2496 1154 2549 inventio-

91 2599 150 2651 nem
163 2579 272 2633 Herculi
285 2580 422 2633 tribuebat
432 2610 466 2621 -
476 2582 586 2631 Palladii
594 2578 723 2633 <licuntur
732 2584 813 2647 ignes,
828 2578 900 2651 quod
909 2583 989 2647 iguem
1000 2580 1156 2633 adhibuerat

91 2662 234 2727 Herculea,
246 2659 373 2714 suadente
384 2659 511 2723 Minerva,
526 2678 571 2711 seu
581 2662 693 2710 Pallade.
709 2664 743 2713 Τὸ
755 2662 856 2727 agmina
870 2663 961 2723 Hydrae
977 2660 1155 2731 centicipitem

90 2746 204 2799 belluam
216 2745 318 2816 egregie
327 2745 419 2817 pingit.

124 2917 158 2968 V.
168 2915 230 2969 635.
241 2917 325 2981 Qualis
336 2919 377 2967 ubi
385 2917 501 2966 attonitos
512 2928 601 2991 musta
612 2915 721 2981 Phrygas
732 2931 817 2962 auuua
827 2917 915 2964 Matris

238 3008 282 3052 Ira
290 3039 298 3061 ‚
308 3003 350 3051 vel
358 3012 465 3050 exsectos
474 3001 568 3047 lacerat
577 2999 680 3046 Bellona
689 3010 806 3045 comatos.

92 3124 167 3178 Conf.
177 3124 261 3179 Ovid.
273 3124 341 3177 Fant.
351 3123 402 3188 lV,
415 3122 464 3185 aql
475 3140 482 3172 :

249 3274 566 3291 .....................
580 3240 708 3298 mollesque
720 3237 820 3283 ministri

274 3318 374 3367 cadunt
380 3314 473 3381 j‘actrtir
484 3316 538 3364 villa
548 3314 653 3362 membra
664 3312 746 3359 comit.

93 3454 227 3503 Attonitos.
242 3446 341 3500 Confer
353 3442 491 3507 eumdem,
503 3440 575 3514 apud
589 3438 708 3506 Ibin,V‚
721 3438 789 3502 453:

244 3584 406 3642 Attaaitruque
416 3594 486 3633 secer,
499 3587 525 3624 ut
535 3593 594 3639 quos
602 3575 712 3636 Cybeleia
724 3584 798 3621 mater

275 3657 371 3710 lncltnt,
383 3654 413 3701 ad
425 3652 536 3715 Phrygios
550 3650 605 3697 villa
615 3650 721 3697 membra
732 3648 822 3694 modos.

129 3825 165 3876 V.
174 3822 249 3887 645..
260 3861 267 3873 .
277 3859 284 3873 .
295 3856 301 3871 .‚
313 3858 324 3881 .,
330 3854 425 3871 ......
442 3818 522 3885 qualis
534 3815 619 3865 Getica
628 3813 659 3862 de
664 3814 764 3879 pulvere
774 3814 873 3859 Mavors
964 3786 969 3793 ι

238 3912 321 3956 Intrat
335 3905 417 3970 equis,
427 3902 522 3967 uritque
528 3914 627 3967 gravem
637 3897 765 3946 sudoribus
775 3897 889 3944 Hebrum.

97 4044 158 4097 Noli
165 4048 276 4117 Jungere
284 4059 384 4111 gravem
396 4055 457 4090 cum
471 4036 618 4087 sudoribus:
631 4031 668 4083 sic
684 4030 772 4100 potius
786 4027 897 4081 ordina:
911 4031 959 4079 urit
973 4031 1099 4080 sudoribus
1117 4034 1167 4079 lle-

99 4133 167 4179 brum
182 4146 288 4197 gravene
298 4123 421 4177 Valerius
434 4125 541 4173 Heluam
557 4135 656 4187 gravem
675 4112 757 4177 dixit,
775 4124 897 4183 spectans
910 4110 944 4165 ad
959 4110 1094 4181 ingenium
1113 4114 1169 4181 eina
