<?xml version="1.0" encoding="UTF-8"?>
<!DOCTYPE html PUBLIC "-//W3C//DTD XHTML 1.0 Transitional//EN"
    "http://www.w3.org/TR/xhtml1/DTD/xhtml1-transitional.dtd">
<html xmlns="http://www.w3.org/1999/xhtml" xml:lang="en" lang="en">
 <head>
  <title>
</title>
<meta http-equiv="Content-Type" content="text/html;charset=utf-8" />
  <meta name='ocr-system' content='tesseract 3.04.00' />
  <meta name='ocr-capabilities' content='ocr_page ocr_carea ocr_par ocr_line ocrx_word'/>
</head>
<body>
  <div class='ocr_page' id='page_1' title='image "bibliothecaclas119lemagoog_0373.png"; bbox 0 0 2859 4975; ppageno 0'>
   <div class='ocr_carea' id='block_1_1' title="bbox 411 408 1150 477">
    <p class='ocr_par' dir='ltr' id='par_1_1' title="bbox 411 408 1150 477">
     <span class='ocr_line' id='line_1_1' title="bbox 411 408 1150 477; baseline -0.003 -3"><span class='ocrx_word' id='word_1_1' title='bbox 411 410 834 477; x_wconf 82' lang='lat' dir='ltr'><strong>ARGONAUTARUM.</strong></span> <span class='ocrx_word' id='word_1_2' title='bbox 1090 408 1150 473; x_wconf 81' lang='lat'><strong>361</strong></span> 
     </span>
    </p>
   </div>
   <div class='ocr_carea' id='block_1_2' title="bbox 25 531 1160 3665">
    <p class='ocr_par' dir='ltr' id='par_1_2' title="bbox 25 531 1160 3665">
     <span class='ocr_line' id='line_1_2' title="bbox 102 531 1155 623; baseline -0.003 -25"><span class='ocrx_word' id='word_1_3' title='bbox 102 536 203 599; x_wconf 81' lang='lat' dir='ltr'><strong>Arion.</strong></span> <span class='ocrx_word' id='word_1_4' title='bbox 215 557 419 623; x_wconf 85' lang='lat' dir='ltr'><strong>quoque,vs.</strong></span> <span class='ocrx_word' id='word_1_5' title='bbox 429 538 509 616; x_wconf 73' lang='grc'><strong>440,</strong></span> <span class='ocrx_word' id='word_1_6' title='bbox 522 535 656 598; x_wconf 80' lang='lat' dir='ltr'><strong>last&#39;dem</strong></span> <span class='ocrx_word' id='word_1_7' title='bbox 665 549 759 600; x_wconf 82' lang='lat' dir='ltr'><strong>vocat</strong></span> <span class='ocrx_word' id='word_1_8' title='bbox 767 556 776 598; x_wconf 76' lang='grc' dir='ltr'><em>τ</em></span> <span class='ocrx_word' id='word_1_9' title='bbox 784 531 842 597; x_wconf 82' lang='lat' dir='ltr'><strong>sed</strong></span> <span class='ocrx_word' id='word_1_10' title='bbox 850 533 958 621; x_wconf 86' lang='lat' dir='ltr'><strong>potuit</strong></span> <span class='ocrx_word' id='word_1_11' title='bbox 966 535 1084 597; x_wconf 83' lang='lat' dir='ltr'><strong>Aratus</strong></span> <span class='ocrx_word' id='word_1_12' title='bbox 1096 531 1155 596; x_wconf 87' lang='lat' dir='ltr'><strong>Ce-</strong></span> 
     </span>
     <span class='ocr_line' id='line_1_3' title="bbox 101 637 1156 728; baseline 0 -26"><span class='ocrx_word' id='word_1_13' title='bbox 101 641 176 728; x_wconf 82' lang='lat' dir='ltr'><strong>phea</strong></span> <span class='ocrx_word' id='word_1_14' title='bbox 189 639 343 728; x_wconf 80' lang='lat' dir='ltr'>Agenoris</span> <span class='ocrx_word' id='word_1_15' title='bbox 359 639 545 708; x_wconf 80' lang='lat' dir='ltr'><strong>confudisse</strong></span> <span class='ocrx_word' id='word_1_16' title='bbox 559 661 635 704; x_wconf 89' lang='lat' dir='ltr'><strong>cum</strong></span> <span class='ocrx_word' id='word_1_17' title='bbox 652 641 727 716; x_wconf 80' lang='lat' dir='ltr'><strong>Jasii</strong></span> <span class='ocrx_word' id='word_1_18' title='bbox 743 639 824 720; x_wconf 80' lang='lat' dir='ltr'><strong>fili03</strong></span> <span class='ocrx_word' id='word_1_19' title='bbox 839 637 941 702; x_wconf 83' lang='lat' dir='ltr'><strong>lasius</strong></span> <span class='ocrx_word' id='word_1_20' title='bbox 955 638 1043 702; x_wconf 89' lang='lat' dir='ltr'><strong>enirn</strong></span> <span class='ocrx_word' id='word_1_21' title='bbox 1055 641 1156 703; x_wconf 81' lang='lat' dir='ltr'><strong>Areas</strong></span> 
     </span>
     <span class='ocr_line' id='line_1_4' title="bbox 102 744 1157 833; baseline -0.002 -23"><span class='ocrx_word' id='word_1_22' title='bbox 102 763 291 812; x_wconf 87' lang='lat' dir='ltr'><strong>memoratur</strong></span> <span class='ocrx_word' id='word_1_23' title='bbox 306 747 441 811; x_wconf 86' lang='lat' dir='ltr'><strong>Pausan.</strong></span> <span class='ocrx_word' id='word_1_24' title='bbox 464 747 520 811; x_wconf 90' lang='lat' dir='ltr'><strong>lib.</strong></span> <span class='ocrx_word' id='word_1_25' title='bbox 536 747 575 829; x_wconf 99' lang='lat' dir='ltr'><strong>V,</strong></span> <span class='ocrx_word' id='word_1_26' title='bbox 589 748 627 827; x_wconf 88' lang='lat'><strong>8,</strong></span> <span class='ocrx_word' id='word_1_27' title='bbox 643 763 676 810; x_wconf 90' lang='lat' dir='ltr'><strong>et</strong></span> <span class='ocrx_word' id='word_1_28' title='bbox 689 748 770 828; x_wconf 92' lang='lat' dir='ltr'>VII,</span> <span class='ocrx_word' id='word_1_29' title='bbox 785 745 844 827; x_wconf 75' lang='grc'><strong>48,</strong></span> <span class='ocrx_word' id='word_1_30' title='bbox 857 744 916 809; x_wconf 90' lang='lat' dir='ltr'><strong>ubi</strong></span> <span class='ocrx_word' id='word_1_31' title='bbox 932 767 1036 833; x_wconf 86' lang='lat' dir='ltr'><strong>quum</strong></span> <span class='ocrx_word' id='word_1_32' title='bbox 1052 745 1157 831; x_wconf 76' lang='lat' dir='ltr'><strong>capite</strong></span> 
     </span>
     <span class='ocr_line' id='line_1_5' title="bbox 100 851 1157 940; baseline -0.002 -24"><span class='ocrx_word' id='word_1_33' title='bbox 100 857 137 939; x_wconf 80' lang='grc'><strong>47</strong></span> <span class='ocrx_word' id='word_1_34' title='bbox 153 867 307 916; x_wconf 78' lang='lat' dir='ltr'><strong>narrasset</strong></span> <span class='ocrx_word' id='word_1_35' title='bbox 324 851 468 940; x_wconf 88' lang='lat' dir='ltr'><strong>Cephea,</strong></span> <span class='ocrx_word' id='word_1_36' title='bbox 483 853 553 916; x_wconf 84' lang='lat' dir='ltr'><strong>Alei</strong></span> <span class='ocrx_word' id='word_1_37' title='bbox 572 852 692 934; x_wconf 89' lang='lat' dir='ltr'><strong>lilium,</strong></span> <span class='ocrx_word' id='word_1_38' title='bbox 708 852 856 939; x_wconf 74' lang='lat' dir='ltr'>posuisse</span> <span class='ocrx_word' id='word_1_39' title='bbox 864 852 979 939; x_wconf 74' lang='lat' dir='ltr'><strong>Tegeae</strong></span> <span class='ocrx_word' id='word_1_40' title='bbox 997 851 1157 937; x_wconf 85' lang='lat' dir='ltr'><strong>templum</strong></span> 
     </span>
     <span class='ocr_line' id='line_1_6' title="bbox 100 955 1156 1046; baseline 0 -26"><span class='ocrx_word' id='word_1_41' title='bbox 100 958 245 1022; x_wconf 81' lang='lat' dir='ltr'><strong>Minervae</strong></span> <span class='ocrx_word' id='word_1_42' title='bbox 268 957 433 1038; x_wconf 89' lang='lat' dir='ltr'><strong>Poliatidi,</strong></span> <span class='ocrx_word' id='word_1_43' title='bbox 458 959 565 1046; x_wconf 82' lang='lat' dir='ltr'><strong>potuit</strong></span> <span class='ocrx_word' id='word_1_44' title='bbox 595 973 628 1022; x_wconf 89' lang='lat' dir='ltr'><strong>et</strong></span> <span class='ocrx_word' id='word_1_45' title='bbox 655 957 728 1022; x_wconf 89' lang='lat' dir='ltr'><strong>illos</strong></span> <span class='ocrx_word' id='word_1_46' title='bbox 755 956 944 1021; x_wconf 83' lang='lat' dir='ltr'><strong>confudisse</strong></span> <span class='ocrx_word' id='word_1_47' title='bbox 971 955 1156 1020; x_wconf 79' lang='lat' dir='ltr'><strong>Pausanias.</strong></span> 
     </span>
     <span class='ocr_line' id='line_1_7' title="bbox 100 1059 1158 1152; baseline -0.002 -27"><span class='ocrx_word' id='word_1_48' title='bbox 100 1063 233 1152; x_wconf 80' lang='lat' dir='ltr'><strong>Tegeum</strong></span> <span class='ocrx_word' id='word_1_49' title='bbox 257 1061 359 1126; x_wconf 85' lang='lat' dir='ltr'><strong>fuisse</strong></span> <span class='ocrx_word' id='word_1_50' title='bbox 380 1059 508 1151; x_wconf 84' lang='lat' dir='ltr'><strong>Cephea</strong></span> <span class='ocrx_word' id='word_1_51' title='bbox 534 1065 630 1130; x_wconf 84' lang='lat' dir='ltr'><strong>etiam</strong></span> <span class='ocrx_word' id='word_1_52' title='bbox 650 1063 780 1145; x_wconf 83' lang='lat' dir='ltr'><strong>Noster,</strong></span> <span class='ocrx_word' id='word_1_53' title='bbox 799 1062 854 1126; x_wconf 88' lang='lat' dir='ltr'><strong>lib.</strong></span> <span class='ocrx_word' id='word_1_54' title='bbox 872 1061 1000 1148; x_wconf 81' lang='lat'><strong>1,375,</strong></span> <span class='ocrx_word' id='word_1_55' title='bbox 1018 1059 1158 1143; x_wconf 74' lang='lat' dir='ltr'><strong>indioet5</strong></span> 
     </span>
     <span class='ocr_line' id='line_1_8' title="bbox 100 1166 1160 1258; baseline -0.001 -28"><span class='ocrx_word' id='word_1_56' title='bbox 100 1167 228 1232; x_wconf 90' lang='lat' dir='ltr'><strong>Pausan.</strong></span> <span class='ocrx_word' id='word_1_57' title='bbox 243 1168 299 1232; x_wconf 90' lang='lat' dir='ltr'><strong>lib.</strong></span> <span class='ocrx_word' id='word_1_58' title='bbox 313 1168 408 1249; x_wconf 93' lang='lat' dir='ltr'>VIII,</span> <span class='ocrx_word' id='word_1_59' title='bbox 423 1169 476 1249; x_wconf 79' lang='lat'><strong>23,</strong></span> <span class='ocrx_word' id='word_1_60' title='bbox 490 1169 696 1258; x_wconf 82' lang='lat' dir='ltr'><strong>Caphyarum</strong></span> <span class='ocrx_word' id='word_1_61' title='bbox 710 1167 916 1250; x_wconf 76' lang='lat' dir='ltr'><strong>conditorem</strong></span> <span class='ocrx_word' id='word_1_62' title='bbox 929 1167 1016 1231; x_wconf 83' lang='lat' dir='ltr'><strong>facit.</strong></span> <span class='ocrx_word' id='word_1_63' title='bbox 1026 1166 1160 1255; x_wconf 82' lang='lat' dir='ltr'><strong>Stepha-</strong></span> 
     </span>
     <span class='ocr_line' id='line_1_9' title="bbox 99 1270 1158 1361; baseline 0.001 -28"><span class='ocrx_word' id='word_1_64' title='bbox 99 1293 154 1335; x_wconf 86' lang='lat' dir='ltr'><strong>nus</strong></span> <span class='ocrx_word' id='word_1_65' title='bbox 167 1273 216 1336; x_wconf 81' lang='lat' dir='ltr'><strong>vel</strong></span> <span class='ocrx_word' id='word_1_66' title='bbox 231 1296 250 1336; x_wconf 90' lang='lat' dir='ltr'><strong>a</strong></span> <span class='ocrx_word' id='word_1_67' title='bbox 267 1276 356 1360; x_wconf 85' lang='lat' dir='ltr'><strong>Capy</strong></span> <span class='ocrx_word' id='word_1_68' title='bbox 370 1274 518 1338; x_wconf 76' lang='lat' dir='ltr'><strong>Anchisae</strong></span> <span class='ocrx_word' id='word_1_69' title='bbox 534 1290 641 1361; x_wconf 87' lang='lat' dir='ltr'><strong>patre,</strong></span> <span class='ocrx_word' id='word_1_70' title='bbox 656 1275 705 1338; x_wconf 86' lang='lat' dir='ltr'><strong>vel</strong></span> <span class='ocrx_word' id='word_1_71' title='bbox 722 1297 741 1336; x_wconf 93' lang='lat' dir='ltr'><strong>a</strong></span> <span class='ocrx_word' id='word_1_72' title='bbox 759 1273 890 1360; x_wconf 85' lang='lat' dir='ltr'><strong>Cepheo</strong></span> <span class='ocrx_word' id='word_1_73' title='bbox 905 1270 1018 1360; x_wconf 87' lang='lat' dir='ltr'>oppidi</span> <span class='ocrx_word' id='word_1_74' title='bbox 1036 1293 1158 1336; x_wconf 87' lang='lat' dir='ltr'><strong>nomen</strong></span> 
     </span>
     <span class='ocr_line' id='line_1_10' title="bbox 99 1378 1156 1469; baseline 0.004 -31"><span class='ocrx_word' id='word_1_75' title='bbox 99 1379 214 1464; x_wconf 71' lang='lat' dir='ltr'><strong>repetit,</strong></span> <span class='ocrx_word' id='word_1_76' title='bbox 224 1379 374 1466; x_wconf 82' lang='lat' dir='ltr'><strong>Cepheus</strong></span> <span class='ocrx_word' id='word_1_77' title='bbox 389 1401 466 1444; x_wconf 87' lang='lat' dir='ltr'><strong>vero</strong></span> <span class='ocrx_word' id='word_1_78' title='bbox 485 1381 537 1445; x_wconf 89' lang='lat' dir='ltr'><strong>ille</strong></span> <span class='ocrx_word' id='word_1_79' title='bbox 552 1379 852 1469; x_wconf 84' lang='lat' dir='ltr'><strong>habuitAEropum,</strong></span> <span class='ocrx_word' id='word_1_80' title='bbox 865 1395 898 1442; x_wconf 89' lang='lat' dir='ltr'><strong>et</strong></span> <span class='ocrx_word' id='word_1_81' title='bbox 910 1379 963 1442; x_wconf 88' lang='lat' dir='ltr'><strong>ille</strong></span> <span class='ocrx_word' id='word_1_82' title='bbox 974 1378 1156 1443; x_wconf 89' lang='lat' dir='ltr'><strong>Echemum</strong></span> 
     </span>
     <span class='ocr_line' id='line_1_11' title="bbox 99 1481 1159 1576; baseline 0.001 -29"><span class='ocrx_word' id='word_1_83' title='bbox 99 1481 246 1569; x_wconf 87' lang='lat' dir='ltr'><strong>(Pausan.</strong></span> <span class='ocrx_word' id='word_1_84' title='bbox 260 1484 354 1568; x_wconf 90' lang='lat' dir='ltr'>VIII,</span> <span class='ocrx_word' id='word_1_85' title='bbox 377 1492 395 1564; x_wconf 76' lang='grc'><em>4</em></span> <span class='ocrx_word' id='word_1_86' title='bbox 413 1503 446 1550; x_wconf 90' lang='lat' dir='ltr'><strong>et</strong></span> <span class='ocrx_word' id='word_1_87' title='bbox 460 1487 520 1574; x_wconf 84' lang='lat'><strong>5);</strong></span> <span class='ocrx_word' id='word_1_88' title='bbox 548 1503 581 1550; x_wconf 91' lang='lat' dir='ltr'><strong>et</strong></span> <span class='ocrx_word' id='word_1_89' title='bbox 599 1488 667 1566; x_wconf 85' lang='lat' dir='ltr'><strong>ejus</strong></span> <span class='ocrx_word' id='word_1_90' title='bbox 680 1508 801 1551; x_wconf 86' lang='lat' dir='ltr'><strong>nomen</strong></span> <span class='ocrx_word' id='word_1_91' title='bbox 817 1485 906 1576; x_wconf 88' lang='lat' dir='ltr'><strong>apud</strong></span> <span class='ocrx_word' id='word_1_92' title='bbox 920 1484 1078 1549; x_wconf 75' lang='lat' dir='ltr'><strong>herodot.</strong></span> <span class='ocrx_word' id='word_1_93' title='bbox 1093 1484 1159 1567; x_wconf 87' lang='lat' dir='ltr'><strong>IX,</strong></span> 
     </span>
     <span class='ocr_line' id='line_1_12' title="bbox 99 1589 1159 1679; baseline 0.003 -29"><span class='ocrx_word' id='word_1_94' title='bbox 99 1606 351 1679; x_wconf 84' lang='lat' dir='ltr'><strong>29,corruptum</strong></span> <span class='ocrx_word' id='word_1_95' title='bbox 368 1590 467 1666; x_wconf 81' lang='lat' dir='ltr'><strong>fuisse</strong></span> <span class='ocrx_word' id='word_1_96' title='bbox 483 1591 517 1655; x_wconf 90' lang='lat' dir='ltr'><strong>iu</strong></span> <span class='ocrx_word' id='word_1_97' title='bbox 533 1591 661 1678; x_wconf 82' lang='lat' dir='ltr'><strong>Phegea</strong></span> <span class='ocrx_word' id='word_1_98' title='bbox 675 1591 815 1655; x_wconf 90' lang='lat' dir='ltr'><strong>vidimus</strong></span> <span class='ocrx_word' id='word_1_99' title='bbox 831 1590 873 1656; x_wconf 93' lang='lat' dir='ltr'><strong>ad</strong></span> <span class='ocrx_word' id='word_1_100' title='bbox 889 1590 984 1657; x_wconf 88' lang='lat' dir='ltr'><strong>Ovid.</strong></span> <span class='ocrx_word' id='word_1_101' title='bbox 1001 1590 1080 1656; x_wconf 87' lang='lat' dir='ltr'><strong>Met.</strong></span> <span class='ocrx_word' id='word_1_102' title='bbox 1093 1589 1159 1671; x_wconf 87' lang='lat' dir='ltr'><strong>IX,</strong></span> 
     </span>
     <span class='ocr_line' id='line_1_13' title="bbox 98 1697 1159 1788; baseline 0.001 -29"><span class='ocrx_word' id='word_1_103' title='bbox 98 1700 166 1772; x_wconf 71' lang='lat' dir='ltr'><strong>hta.</strong></span> <span class='ocrx_word' id='word_1_104' title='bbox 183 1697 313 1762; x_wconf 87' lang='lat' dir='ltr'><strong>Tertius</strong></span> <span class='ocrx_word' id='word_1_105' title='bbox 327 1719 403 1762; x_wconf 87' lang='lat' dir='ltr'><strong>vcro</strong></span> <span class='ocrx_word' id='word_1_106' title='bbox 422 1699 558 1787; x_wconf 80' lang='lat' dir='ltr'><strong>Cepheus</strong></span> <span class='ocrx_word' id='word_1_107' title='bbox 575 1699 793 1764; x_wconf 78' lang='lat' dir='ltr'><strong>Andromedae</strong></span> <span class='ocrx_word' id='word_1_108' title='bbox 811 1716 903 1788; x_wconf 86' lang='lat' dir='ltr'><strong>pater</strong></span> <span class='ocrx_word' id='word_1_109' title='bbox 918 1698 984 1762; x_wconf 92' lang='lat' dir='ltr'><strong>huc</strong></span> <span class='ocrx_word' id='word_1_110' title='bbox 1000 1721 1068 1760; x_wconf 91' lang='lat' dir='ltr'><strong>non</strong></span> <span class='ocrx_word' id='word_1_111' title='bbox 1083 1719 1159 1787; x_wconf 90' lang='lat' dir='ltr'><strong>per·</strong></span> 
     </span>
     <span class='ocr_line' id='line_1_14' title="bbox 99 1801 1159 1892; baseline 0.001 -27"><span class='ocrx_word' id='word_1_112' title='bbox 99 1801 190 1866; x_wconf 85' lang='lat' dir='ltr'><strong>tinet:</strong></span> <span class='ocrx_word' id='word_1_113' title='bbox 210 1803 274 1866; x_wconf 87' lang='lat' dir='ltr'><strong>fuit</strong></span> <span class='ocrx_word' id='word_1_114' title='bbox 297 1803 383 1866; x_wconf 86' lang='lat' dir='ltr'><strong>enim</strong></span> <span class='ocrx_word' id='word_1_115' title='bbox 411 1803 480 1886; x_wconf 92' lang='lat' dir='ltr'><strong>ille,</strong></span> <span class='ocrx_word' id='word_1_116' title='bbox 501 1820 538 1867; x_wconf 91' lang='lat' dir='ltr'><strong>ut</strong></span> <span class='ocrx_word' id='word_1_117' title='bbox 560 1821 694 1886; x_wconf 89' lang='lat' dir='ltr'><strong>notum,</strong></span> <span class='ocrx_word' id='word_1_118' title='bbox 711 1805 841 1891; x_wconf 80' lang='lat' dir='ltr'><strong>aequalis</strong></span> <span class='ocrx_word' id='word_1_119' title='bbox 864 1803 999 1884; x_wconf 88' lang='lat' dir='ltr'><strong>Perseo,</strong></span> <span class='ocrx_word' id='word_1_120' title='bbox 1014 1802 1071 1892; x_wconf 89' lang='lat' dir='ltr'><strong>qui</strong></span> <span class='ocrx_word' id='word_1_121' title='bbox 1096 1802 1159 1866; x_wconf 85' lang='lat' dir='ltr'><strong>fuit</strong></span> 
     </span>
     <span class='ocr_line' id='line_1_15' title="bbox 98 1909 1159 1998; baseline 0.001 -29"><span class='ocrx_word' id='word_1_122' title='bbox 98 1931 228 1994; x_wconf 89' lang='lat' dir='ltr'><strong>proavus</strong></span> <span class='ocrx_word' id='word_1_123' title='bbox 245 1910 412 1991; x_wconf 89' lang='lat' dir='ltr'><strong>Herculis,</strong></span> <span class='ocrx_word' id='word_1_124' title='bbox 427 1926 459 1973; x_wconf 87' lang='lat' dir='ltr'><strong>et</strong></span> <span class='ocrx_word' id='word_1_125' title='bbox 474 1910 517 1974; x_wconf 90' lang='lat' dir='ltr'><strong>ita</strong></span> <span class='ocrx_word' id='word_1_126' title='bbox 534 1909 732 1998; x_wconf 86' lang='lat' dir='ltr'><strong>expeditioni</strong></span> <span class='ocrx_word' id='word_1_127' title='bbox 749 1910 827 1973; x_wconf 89' lang='lat' dir='ltr'><strong>huic</strong></span> <span class='ocrx_word' id='word_1_128' title='bbox 844 1911 998 1975; x_wconf 84' lang='lat' dir='ltr'><strong>interesse</strong></span> <span class='ocrx_word' id='word_1_129' title='bbox 1014 1930 1081 1972; x_wconf 92' lang='lat' dir='ltr'><strong>non</strong></span> <span class='ocrx_word' id='word_1_130' title='bbox 1099 1929 1159 1995; x_wconf 89' lang='lat' dir='ltr'><strong>po·</strong></span> 
     </span>
     <span class='ocr_line' id='line_1_16' title="bbox 98 2013 1159 2104; baseline 0.003 -32"><span class='ocrx_word' id='word_1_131' title='bbox 98 2013 173 2077; x_wconf 88' lang='lat' dir='ltr'><strong>tuit:</strong></span> <span class='ocrx_word' id='word_1_132' title='bbox 192 2014 282 2078; x_wconf 89' lang='lat' dir='ltr'><strong>unde</strong></span> <span class='ocrx_word' id='word_1_133' title='bbox 306 2013 439 2090; x_wconf 85' lang='lat' dir='ltr'><strong>dubito,</strong></span> <span class='ocrx_word' id='word_1_134' title='bbox 462 2037 503 2076; x_wconf 91' lang='lat' dir='ltr'><strong>an</strong></span> <span class='ocrx_word' id='word_1_135' title='bbox 526 2013 568 2078; x_wconf 84' lang='lat' dir='ltr'><strong>de</strong></span> <span class='ocrx_word' id='word_1_136' title='bbox 595 2015 714 2104; x_wconf 77' lang='lat' dir='ltr'><strong>Cepheo</strong></span> <span class='ocrx_word' id='word_1_137' title='bbox 737 2014 803 2078; x_wconf 92' lang='lat' dir='ltr'><strong>hoc</strong></span> <span class='ocrx_word' id='word_1_138' title='bbox 820 2014 974 2103; x_wconf 89' lang='lat' dir='ltr'><strong>capienda</strong></span> <span class='ocrx_word' id='word_1_139' title='bbox 994 2014 1074 2094; x_wconf 89' lang='lat' dir='ltr'><strong>sint,</strong></span> <span class='ocrx_word' id='word_1_140' title='bbox 1087 2034 1159 2099; x_wconf 80' lang='lat' dir='ltr'><strong>quae</strong></span> 
     </span>
     <span class='ocr_line' id='line_1_17' title="bbox 98 2118 1158 2209; baseline 0.006 -31"><span class='ocrx_word' id='word_1_141' title='bbox 98 2119 365 2208; x_wconf 86' lang='lat' dir='ltr'><strong>exantiquo,sine</strong></span> <span class='ocrx_word' id='word_1_142' title='bbox 376 2120 494 2204; x_wconf 91' lang='lat' dir='ltr'><strong>dubio,</strong></span> <span class='ocrx_word' id='word_1_143' title='bbox 503 2122 660 2209; x_wconf 85' lang='lat' dir='ltr'><strong>scriptore</strong></span> <span class='ocrx_word' id='word_1_144' title='bbox 669 2123 792 2209; x_wconf 84' lang='lat' dir='ltr'><strong>profert</strong></span> <span class='ocrx_word' id='word_1_145' title='bbox 800 2121 945 2209; x_wconf 85' lang='lat' dir='ltr'><strong>Apostol.</strong></span> <span class='ocrx_word' id='word_1_146' title='bbox 953 2121 1046 2184; x_wconf 88' lang='lat' dir='ltr'><strong>Cent.</strong></span> <span class='ocrx_word' id='word_1_147' title='bbox 1059 2118 1158 2208; x_wconf 81' lang='lat' dir='ltr'><strong>Adag.</strong></span> 
     </span>
     <span class='ocr_line' id='line_1_18' title="bbox 97 2224 1158 2315; baseline 0.002 -29"><span class='ocrx_word' id='word_1_148' title='bbox 97 2224 186 2307; x_wconf 87' lang='lat' dir='ltr'>xv1‚</span> <span class='ocrx_word' id='word_1_149' title='bbox 210 2225 274 2306; x_wconf 66' lang='lat' dir='ltr'><strong>aa,</strong></span> <span class='ocrx_word' id='word_1_150' title='bbox 294 2226 351 2289; x_wconf 92' lang='lat' dir='ltr'><strong>ubi</strong></span> <span class='ocrx_word' id='word_1_151' title='bbox 375 2249 498 2290; x_wconf 77' lang='lat' dir='ltr'><strong>coenam</strong></span> <span class='ocrx_word' id='word_1_152' title='bbox 525 2225 685 2315; x_wconf 80' lang='lat' dir='ltr'><strong>Gorgones</strong></span> <span class='ocrx_word' id='word_1_153' title='bbox 709 2226 828 2290; x_wconf 86' lang='lat' dir='ltr'><strong>dictam</strong></span> <span class='ocrx_word' id='word_1_154' title='bbox 850 2226 949 2290; x_wconf 86' lang='lat' dir='ltr'><strong>fuisse</strong></span> <span class='ocrx_word' id='word_1_155' title='bbox 976 2230 1158 2312; x_wconf 86' lang='lat' dir='ltr'><strong>Asteropae,</strong></span> 
     </span>
     <span class='ocr_line' id='line_1_19' title="bbox 97 2330 1159 2425; baseline 0.007 -33"><span class='ocrx_word' id='word_1_156' title='bbox 97 2330 210 2418; x_wconf 85' lang='lat' dir='ltr'><strong>Cephei</strong></span> <span class='ocrx_word' id='word_1_157' title='bbox 227 2330 314 2414; x_wconf 88' lang='lat' dir='ltr'><strong>filiae,</strong></span> <span class='ocrx_word' id='word_1_158' title='bbox 331 2331 427 2415; x_wconf 89' lang='lat' dir='ltr'><strong>dicit,</strong></span> <span class='ocrx_word' id='word_1_159' title='bbox 443 2356 510 2422; x_wconf 92' lang='lat' dir='ltr'><strong>quo</strong></span> <span class='ocrx_word' id='word_1_160' title='bbox 527 2350 673 2425; x_wconf 87' lang='lat' dir='ltr'><strong>tempore</strong></span> <span class='ocrx_word' id='word_1_161' title='bbox 693 2334 831 2422; x_wconf 77' lang='lat' dir='ltr'><strong>Cepheus</strong></span> <span class='ocrx_word' id='word_1_162' title='bbox 848 2357 924 2398; x_wconf 91' lang='lat' dir='ltr'><strong>cum</strong></span> <span class='ocrx_word' id='word_1_163' title='bbox 940 2333 1080 2398; x_wconf 78' lang='lat' dir='ltr'><strong>Hercule</strong></span> <span class='ocrx_word' id='word_1_164' title='bbox 1096 2332 1159 2399; x_wconf 89' lang='lat' dir='ltr'><strong>mi·</strong></span> 
     </span>
     <span class='ocr_line' id='line_1_20' title="bbox 96 2433 1159 2523; baseline 0.007 -25"><span class='ocrx_word' id='word_1_165' title='bbox 96 2433 200 2501; x_wconf 87' lang='lat' dir='ltr'><strong>litabat</strong></span> <span class='ocrx_word' id='word_1_166' title='bbox 223 2438 258 2501; x_wconf 91' lang='lat' dir='ltr'><strong>in</strong></span> <span class='ocrx_word' id='word_1_167' title='bbox 282 2437 537 2523; x_wconf 81' lang='lat' dir='ltr'><strong>Lacedaemonia,</strong></span> <span class='ocrx_word' id='word_1_168' title='bbox 558 2457 596 2506; x_wconf 91' lang='lat' dir='ltr'><strong>ut</strong></span> <span class='ocrx_word' id='word_1_169' title='bbox 618 2441 674 2507; x_wconf 91' lang='lat' dir='ltr'><strong>illo</strong></span> <span class='ocrx_word' id='word_1_170' title='bbox 698 2441 832 2506; x_wconf 90' lang='lat' dir='ltr'><strong>absente</strong></span> <span class='ocrx_word' id='word_1_171' title='bbox 854 2440 1027 2506; x_wconf 82' lang='lat' dir='ltr'><strong>Incolumis</strong></span> <span class='ocrx_word' id='word_1_172' title='bbox 1048 2439 1159 2505; x_wconf 86' lang='lat' dir='ltr'><strong>civitas</strong></span> 
     </span>
     <span class='ocr_line' id='line_1_21' title="bbox 96 2544 1159 2637; baseline 0.008 -34"><span class='ocrx_word' id='word_1_173' title='bbox 96 2559 253 2628; x_wconf 83' lang='lat' dir='ltr'><strong>maneret3</strong></span> <span class='ocrx_word' id='word_1_174' title='bbox 266 2568 340 2633; x_wconf 83' lang='lat' dir='ltr'><strong>quae</strong></span> <span class='ocrx_word' id='word_1_175' title='bbox 360 2544 401 2609; x_wconf 86' lang='lat' dir='ltr'><strong>de</strong></span> <span class='ocrx_word' id='word_1_176' title='bbox 422 2562 535 2611; x_wconf 88' lang='lat' dir='ltr'><strong>nostro</strong></span> <span class='ocrx_word' id='word_1_177' title='bbox 559 2549 691 2636; x_wconf 86' lang='lat' dir='ltr'><strong>Cepheo</strong></span> <span class='ocrx_word' id='word_1_178' title='bbox 710 2565 818 2613; x_wconf 87' lang='lat' dir='ltr'><strong>narrat</strong></span> <span class='ocrx_word' id='word_1_179' title='bbox 832 2549 941 2637; x_wconf 89' lang='lat' dir='ltr'><strong>paullo</strong></span> <span class='ocrx_word' id='word_1_180' title='bbox 957 2548 1049 2611; x_wconf 88' lang='lat' dir='ltr'><strong>aliter</strong></span> <span class='ocrx_word' id='word_1_181' title='bbox 1063 2548 1159 2611; x_wconf 90' lang='lat' dir='ltr'><strong>Paus.</strong></span> 
     </span>
     <span class='ocr_line' id='line_1_22' title="bbox 96 2646 1158 2741; baseline 0.007 -32"><span class='ocrx_word' id='word_1_182' title='bbox 96 2646 187 2732; x_wconf 90' lang='lat' dir='ltr'>VIII,</span> <span class='ocrx_word' id='word_1_183' title='bbox 200 2673 271 2739; x_wconf 88' lang='lat' dir='ltr'><strong>cap.</strong></span> <span class='ocrx_word' id='word_1_184' title='bbox 285 2653 347 2739; x_wconf 70' lang='lat'><strong>475</strong></span> <span class='ocrx_word' id='word_1_185' title='bbox 363 2668 395 2717; x_wconf 91' lang='lat' dir='ltr'><strong>et</strong></span> <span class='ocrx_word' id='word_1_186' title='bbox 412 2668 492 2717; x_wconf 89' lang='lat' dir='ltr'><strong>tunc</strong></span> <span class='ocrx_word' id='word_1_187' title='bbox 509 2655 594 2723; x_wconf 76' lang='lat' dir='ltr'><strong>torte</strong></span> <span class='ocrx_word' id='word_1_188' title='bbox 610 2655 784 2729; x_wconf 86' lang='lat' dir='ltr'><strong>Herculem</strong></span> <span class='ocrx_word' id='word_1_189' title='bbox 801 2654 943 2741; x_wconf 90' lang='lat' dir='ltr'><strong>hospitio</strong></span> <span class='ocrx_word' id='word_1_190' title='bbox 960 2654 1085 2740; x_wconf 84' lang='lat' dir='ltr'><strong>excepit</strong></span> <span class='ocrx_word' id='word_1_191' title='bbox 1097 2656 1158 2717; x_wconf 87' lang='lat' dir='ltr'><strong>Ce-</strong></span> 
     </span>
     <span class='ocr_line' id='line_1_23' title="bbox 25 2752 1160 2848; baseline 0.002 -27"><span class='ocrx_word' id='word_1_192' title='bbox 25 2800 27 2821; x_wconf 41' lang='lat' dir='ltr'><strong>t</strong></span> <span class='ocrx_word' id='word_1_193' title='bbox 95 2752 209 2839; x_wconf 89' lang='lat' dir='ltr'><strong>pheus,</strong></span> <span class='ocrx_word' id='word_1_194' title='bbox 224 2774 263 2819; x_wconf 89' lang='lat' dir='ltr'><strong>ut</strong></span> <span class='ocrx_word' id='word_1_195' title='bbox 275 2756 343 2822; x_wconf 91' lang='lat' dir='ltr'><strong>Val.</strong></span> <span class='ocrx_word' id='word_1_196' title='bbox 358 2758 407 2823; x_wconf 92' lang='lat' dir='ltr'><strong>Fl.</strong></span> <span class='ocrx_word' id='word_1_197' title='bbox 421 2760 452 2840; x_wconf 95' lang='lat' dir='ltr'><strong>I,</strong></span> <span class='ocrx_word' id='word_1_198' title='bbox 469 2757 552 2848; x_wconf 83' lang='lat'><strong>375,</strong></span> <span class='ocrx_word' id='word_1_199' title='bbox 566 2759 660 2825; x_wconf 85' lang='lat' dir='ltr'><strong>dicit:</strong></span> <span class='ocrx_word' id='word_1_200' title='bbox 674 2760 732 2824; x_wconf 91' lang='lat' dir='ltr'><strong>sed</strong></span> <span class='ocrx_word' id='word_1_201' title='bbox 747 2760 782 2823; x_wconf 91' lang='lat' dir='ltr'><strong>in</strong></span> <span class='ocrx_word' id='word_1_202' title='bbox 798 2760 906 2823; x_wconf 82' lang='lat' dir='ltr'><strong>fabula</strong></span> <span class='ocrx_word' id='word_1_203' title='bbox 923 2759 1006 2823; x_wconf 92' lang='lat' dir='ltr'><strong>duos</strong></span> <span class='ocrx_word' id='word_1_204' title='bbox 1026 2758 1160 2847; x_wconf 77' lang='lat' dir='ltr'><strong>Cepheos</strong></span> 
     </span>
     <span class='ocr_line' id='line_1_24' title="bbox 25 2861 1158 2955; baseline 0.012 -38"><span class='ocrx_word' id='word_1_205' title='bbox 25 2910 26 2917; x_wconf 71' lang='grc'><strong>,</strong></span> <span class='ocrx_word' id='word_1_206' title='bbox 96 2879 159 2923; x_wconf 88' lang='lat' dir='ltr'><strong>esse</strong></span> <span class='ocrx_word' id='word_1_207' title='bbox 182 2861 338 2927; x_wconf 86' lang='lat' dir='ltr'><strong>confusos</strong></span> <span class='ocrx_word' id='word_1_208' title='bbox 365 2880 469 2950; x_wconf 86' lang='lat' dir='ltr'><strong>puto:</strong></span> <span class='ocrx_word' id='word_1_209' title='bbox 492 2888 566 2929; x_wconf 87' lang='lat' dir='ltr'><strong>nam</strong></span> <span class='ocrx_word' id='word_1_210' title='bbox 594 2889 702 2954; x_wconf 91' lang='lat' dir='ltr'><strong>neque</strong></span> <span class='ocrx_word' id='word_1_211' title='bbox 729 2866 862 2955; x_wconf 78' lang='lat' dir='ltr'><strong>Cepheus</strong></span> <span class='ocrx_word' id='word_1_212' title='bbox 886 2888 943 2931; x_wconf 83' lang='lat' dir='ltr'><strong>rex</strong></span> <span class='ocrx_word' id='word_1_213' title='bbox 962 2865 1158 2953; x_wconf 86' lang='lat' dir='ltr'><strong>AEthiopum</strong></span> 
     </span>
     <span class='ocr_line' id='line_1_25' title="bbox 95 2968 1159 3061; baseline 0.007 -33"><span class='ocrx_word' id='word_1_214' title='bbox 95 2968 198 3049; x_wconf 90' lang='lat' dir='ltr'><strong>potuit</strong></span> <span class='ocrx_word' id='word_1_215' title='bbox 210 2990 287 3031; x_wconf 89' lang='lat' dir='ltr'><strong>cum</strong></span> <span class='ocrx_word' id='word_1_216' title='bbox 297 2969 701 3060; x_wconf 87' lang='lat' dir='ltr'><strong>Herculemilitare,quum</strong></span> <span class='ocrx_word' id='word_1_217' title='bbox 711 2972 781 3059; x_wconf 92' lang='lat' dir='ltr'><strong>ipse</strong></span> <span class='ocrx_word' id='word_1_218' title='bbox 786 2972 854 3053; x_wconf 87' lang='lat' dir='ltr'><strong>jam</strong></span> <span class='ocrx_word' id='word_1_219' title='bbox 865 2971 1055 3061; x_wconf 75' lang='lat' dir='ltr'><strong>grandaevus</strong></span> <span class='ocrx_word' id='word_1_220' title='bbox 1064 2988 1159 3053; x_wconf 86' lang='lat' dir='ltr'><strong>esset,</strong></span> 
     </span>
     <span class='ocr_line' id='line_1_26' title="bbox 95 3075 1159 3166; baseline 0.006 -32"><span class='ocrx_word' id='word_1_221' title='bbox 95 3094 158 3157; x_wconf 91' lang='lat' dir='ltr'><strong>quo</strong></span> <span class='ocrx_word' id='word_1_222' title='bbox 174 3088 320 3161; x_wconf 87' lang='lat' dir='ltr'><strong>tempore</strong></span> <span class='ocrx_word' id='word_1_223' title='bbox 333 3075 469 3140; x_wconf 89' lang='lat' dir='ltr'><strong>Perseus</strong></span> <span class='ocrx_word' id='word_1_224' title='bbox 484 3076 713 3141; x_wconf 89' lang='lat' dir='ltr'><strong>Andromeden</strong></span> <span class='ocrx_word' id='word_1_225' title='bbox 730 3078 892 3155; x_wconf 86' lang='lat' dir='ltr'><strong>liberavit,</strong></span> <span class='ocrx_word' id='word_1_226' title='bbox 906 3078 962 3166; x_wconf 90' lang='lat' dir='ltr'><strong>qui</strong></span> <span class='ocrx_word' id='word_1_227' title='bbox 975 3078 1071 3164; x_wconf 87' lang='lat' dir='ltr'><strong>longe</strong></span> <span class='ocrx_word' id='word_1_228' title='bbox 1084 3092 1159 3140; x_wconf 88' lang='lat' dir='ltr'><strong>ante</strong></span> 
     </span>
     <span class='ocr_line' id='line_1_27' title="bbox 95 3175 1157 3269; baseline 0.006 -32"><span class='ocrx_word' id='word_1_229' title='bbox 95 3175 239 3241; x_wconf 86' lang='lat' dir='ltr'><strong>Herculis·</strong></span> <span class='ocrx_word' id='word_1_230' title='bbox 258 3180 378 3243; x_wconf 89' lang='lat' dir='ltr'><strong>natales</strong></span> <span class='ocrx_word' id='word_1_231' title='bbox 391 3181 486 3262; x_wconf 75' lang='lat' dir='ltr'><strong>vixit,</strong></span> <span class='ocrx_word' id='word_1_232' title='bbox 499 3202 607 3268; x_wconf 87' lang='lat' dir='ltr'><strong>neque</strong></span> <span class='ocrx_word' id='word_1_233' title='bbox 623 3197 735 3244; x_wconf 88' lang='lat' dir='ltr'><strong>noster</strong></span> <span class='ocrx_word' id='word_1_234' title='bbox 752 3179 890 3269; x_wconf 82' lang='lat' dir='ltr'><strong>Cepheus</strong></span> <span class='ocrx_word' id='word_1_235' title='bbox 908 3182 1016 3268; x_wconf 88' lang='lat' dir='ltr'><strong>potuit</strong></span> <span class='ocrx_word' id='word_1_236' title='bbox 1031 3203 1157 3243; x_wconf 87' lang='lat' dir='ltr'><strong>comam</strong></span> 
     </span>
     <span class='ocr_line' id='line_1_28' title="bbox 96 3278 1157 3375; baseline 0.005 -32"><span class='ocrx_word' id='word_1_237' title='bbox 96 3278 262 3371; x_wconf 86' lang='lat' dir='ltr'><strong>Gorgones</strong></span> <span class='ocrx_word' id='word_1_238' title='bbox 283 3306 299 3347; x_wconf 86' lang='lat' dir='ltr'><strong>a</strong></span> <span class='ocrx_word' id='word_1_239' title='bbox 322 3284 439 3349; x_wconf 83' lang='lat' dir='ltr'><strong>Perseo</strong></span> <span class='ocrx_word' id='word_1_240' title='bbox 454 3286 615 3375; x_wconf 90' lang='lat' dir='ltr'><strong>accipere,</strong></span> <span class='ocrx_word' id='word_1_241' title='bbox 630 3286 691 3350; x_wconf 88' lang='lat' dir='ltr'><strong>nisi</strong></span> <span class='ocrx_word' id='word_1_242' title='bbox 710 3282 870 3374; x_wconf 84' lang='lat' dir='ltr'><strong>fingamus</strong></span> <span class='ocrx_word' id='word_1_243' title='bbox 884 3308 943 3374; x_wconf 90' lang='lat' dir='ltr'><strong>per</strong></span> <span class='ocrx_word' id='word_1_244' title='bbox 960 3308 1076 3349; x_wconf 87' lang='lat' dir='ltr'><strong>manus</strong></span> <span class='ocrx_word' id='word_1_245' title='bbox 1092 3302 1157 3349; x_wconf 92' lang='lat' dir='ltr'><strong>tra-</strong></span> 
     </span>
     <span class='ocr_line' id='line_1_29' title="bbox 95 3383 1158 3479; baseline 0.005 -31"><span class='ocrx_word' id='word_1_246' title='bbox 95 3383 190 3451; x_wconf 88' lang='lat' dir='ltr'><strong>ditam</strong></span> <span class='ocrx_word' id='word_1_247' title='bbox 216 3388 258 3451; x_wconf 90' lang='lat' dir='ltr'><strong>ad</strong></span> <span class='ocrx_word' id='word_1_248' title='bbox 281 3412 356 3453; x_wconf 89' lang='lat' dir='ltr'><strong>eum</strong></span> <span class='ocrx_word' id='word_1_249' title='bbox 382 3389 559 3456; x_wconf 85' lang='lat' dir='ltr'><strong>devenisse.</strong></span> <span class='ocrx_word' id='word_1_250' title='bbox 570 3395 695 3457; x_wconf 91' lang='lat' dir='ltr'><strong>Auctor</strong></span> <span class='ocrx_word' id='word_1_251' title='bbox 716 3390 934 3479; x_wconf 85' lang='lat' dir='ltr'><strong>supplementi</strong></span> <span class='ocrx_word' id='word_1_252' title='bbox 956 3390 997 3453; x_wconf 92' lang='lat' dir='ltr'><strong>ad</strong></span> <span class='ocrx_word' id='word_1_253' title='bbox 1019 3389 1158 3454; x_wconf 84' lang='lat' dir='ltr'><strong>Lexicon</strong></span> 
     </span>
     <span class='ocr_line' id='line_1_30' title="bbox 95 3490 1160 3585; baseline 0.005 -31"><span class='ocrx_word' id='word_1_254' title='bbox 95 3490 230 3576; x_wconf 80' lang='lat' dir='ltr'><strong>Moneri,</strong></span> <span class='ocrx_word' id='word_1_255' title='bbox 243 3493 364 3583; x_wconf 82' lang='lat' dir='ltr'><strong>Cephea</strong></span> <span class='ocrx_word' id='word_1_256' title='bbox 374 3494 476 3559; x_wconf 88' lang='lat' dir='ltr'><strong>filium</strong></span> <span class='ocrx_word' id='word_1_257' title='bbox 490 3495 581 3577; x_wconf 82' lang='lat' dir='ltr'><strong>Alci,</strong></span> <span class='ocrx_word' id='word_1_258' title='bbox 595 3520 656 3585; x_wconf 93' lang='lat' dir='ltr'><strong>pro</strong></span> <span class='ocrx_word' id='word_1_259' title='bbox 666 3496 743 3561; x_wconf 87' lang='lat' dir='ltr'><strong>Alei</strong></span> <span class='ocrx_word' id='word_1_260' title='bbox 750 3496 844 3579; x_wconf 84' lang='lat' dir='ltr'><strong>facit;</strong></span> <span class='ocrx_word' id='word_1_261' title='bbox 854 3496 914 3560; x_wconf 88' lang='lat' dir='ltr'><strong>nisi</strong></span> <span class='ocrx_word' id='word_1_262' title='bbox 924 3495 1030 3583; x_wconf 89' lang='lat' dir='ltr'><strong>operis</strong></span> <span class='ocrx_word' id='word_1_263' title='bbox 1040 3494 1160 3559; x_wconf 85' lang='lat' dir='ltr'><strong>adscu-</strong></span> 
     </span>
     <span class='ocr_line' id='line_1_31' title="bbox 94 3596 535 3665; baseline 0.014 -7"><span class='ocrx_word' id='word_1_264' title='bbox 94 3596 169 3663; x_wconf 87' lang='lat' dir='ltr'><strong>bere</strong></span> <span class='ocrx_word' id='word_1_265' title='bbox 185 3600 346 3665; x_wconf 86' lang='lat' dir='ltr'><strong>malumus</strong></span> <span class='ocrx_word' id='word_1_266' title='bbox 364 3600 398 3664; x_wconf 92' lang='lat' dir='ltr'><strong>id</strong></span> <span class='ocrx_word' id='word_1_267' title='bbox 415 3601 535 3665; x_wconf 91' lang='lat' dir='ltr'><strong>mendi.</strong></span> 
     </span>
    </p>
   </div>
   <div class='ocr_carea' id='block_1_3' title="bbox 96 3832 1160 4242">
    <p class='ocr_par' dir='ltr' id='par_1_3' title="bbox 96 3832 1160 4242">
     <span class='ocr_line' id='line_1_32' title="bbox 137 3832 1157 3928; baseline 0.006 -33"><span class='ocrx_word' id='word_1_268' title='bbox 137 3832 243 3899; x_wconf 86' lang='lat' dir='ltr'><strong>CIUS.</strong></span> <span class='ocrx_word' id='word_1_269' title='bbox 251 3834 313 3899; x_wconf 89' lang='lat' dir='ltr'><strong>Hic</strong></span> <span class='ocrx_word' id='word_1_270' title='bbox 322 3858 342 3897; x_wconf 89' lang='lat' dir='ltr'><strong>a</strong></span> <span class='ocrx_word' id='word_1_271' title='bbox 351 3834 442 3899; x_wconf 91' lang='lat' dir='ltr'><strong>nullo</strong></span> <span class='ocrx_word' id='word_1_272' title='bbox 455 3837 612 3924; x_wconf 85' lang='lat' dir='ltr'><strong>scriptore</strong></span> <span class='ocrx_word' id='word_1_273' title='bbox 621 3841 934 3928; x_wconf 83' lang='lat' dir='ltr'><strong>Argonautioorum,</strong></span> <span class='ocrx_word' id='word_1_274' title='bbox 946 3841 1035 3927; x_wconf 91' lang='lat' dir='ltr'><strong>quod</strong></span> <span class='ocrx_word' id='word_1_275' title='bbox 1043 3839 1157 3921; x_wconf 83' lang='lat' dir='ltr'><strong>sciam,</strong></span> 
     </span>
     <span class='ocr_line' id='line_1_33' title="bbox 97 3940 1160 4031; baseline 0.006 -30"><span class='ocrx_word' id='word_1_276' title='bbox 97 3955 311 4023; x_wconf 59' lang='lat' dir='ltr'><strong>memoratum</strong></span> <span class='ocrx_word' id='word_1_277' title='bbox 330 3940 388 4005; x_wconf 87' lang='lat' dir='ltr'><strong>sed</strong></span> <span class='ocrx_word' id='word_1_278' title='bbox 410 3943 514 4030; x_wconf 89' lang='lat' dir='ltr'><strong>reperi</strong></span> <span class='ocrx_word' id='word_1_279' title='bbox 539 3942 629 4007; x_wconf 87' lang='lat' dir='ltr'><strong>hunc</strong></span> <span class='ocrx_word' id='word_1_280' title='bbox 651 3944 741 4031; x_wconf 92' lang='lat' dir='ltr'><strong>apud</strong></span> <span class='ocrx_word' id='word_1_281' title='bbox 764 3946 976 4026; x_wconf 88' lang='lat' dir='ltr'><strong>Strabonem,</strong></span> <span class='ocrx_word' id='word_1_282' title='bbox 1000 3946 1055 4009; x_wconf 88' lang='lat' dir='ltr'><strong>lib.</strong></span> <span class='ocrx_word' id='word_1_283' title='bbox 1077 3945 1160 4027; x_wconf 85' lang='lat' dir='ltr'>XII,</span> 
     </span>
     <span class='ocr_line' id='line_1_34' title="bbox 96 4042 1159 4139; baseline 0.005 -31"><span class='ocrx_word' id='word_1_284' title='bbox 96 4064 126 4127; x_wconf 88' lang='lat' dir='ltr'><strong>p.</strong></span> <span class='ocrx_word' id='word_1_285' title='bbox 139 4042 219 4129; x_wconf 70' lang='lat'><strong>564;</strong></span> <span class='ocrx_word' id='word_1_286' title='bbox 231 4045 289 4108; x_wconf 91' lang='lat' dir='ltr'><strong>uhi</strong></span> <span class='ocrx_word' id='word_1_287' title='bbox 299 4063 424 4129; x_wconf 88' lang='lat' dir='ltr'><strong>narrat,</strong></span> <span class='ocrx_word' id='word_1_288' title='bbox 432 4048 566 4135; x_wconf 82' lang='lat' dir='ltr'><strong>Hylam,</strong></span> <span class='ocrx_word' id='word_1_289' title='bbox 580 4048 729 4113; x_wconf 85' lang='lat' dir='ltr'><strong>Herculis</strong></span> <span class='ocrx_word' id='word_1_290' title='bbox 740 4053 910 4131; x_wconf 86' lang='lat' dir='ltr'><strong>comitem,</strong></span> <span class='ocrx_word' id='word_1_291' title='bbox 921 4068 1049 4139; x_wconf 88' lang='lat' dir='ltr'><strong>raptum</strong></span> <span class='ocrx_word' id='word_1_292' title='bbox 1061 4051 1159 4113; x_wconf 87' lang='lat' dir='ltr'><strong>fuisse</strong></span> 
     </span>
     <span class='ocr_line' id='line_1_35' title="bbox 97 4147 1158 4242; baseline 0.008 -33"><span class='ocrx_word' id='word_1_293' title='bbox 97 4147 211 4215; x_wconf 83' lang='lat' dir='ltr'><strong>fabulis</strong></span> <span class='ocrx_word' id='word_1_294' title='bbox 238 4152 338 4235; x_wconf 88' lang='lat' dir='ltr'><strong>tradi,</strong></span> <span class='ocrx_word' id='word_1_295' title='bbox 356 4152 521 4242; x_wconf 86' lang='lat' dir='ltr'><strong>simulque</strong></span> <span class='ocrx_word' id='word_1_296' title='bbox 537 4154 676 4219; x_wconf 86' lang='lat' dir='ltr'><strong>alterum</strong></span> <span class='ocrx_word' id='word_1_297' title='bbox 695 4156 847 4221; x_wconf 80' lang='lat' dir='ltr'><strong>comitem</strong></span> <span class='ocrx_word' id='word_1_298' title='bbox 865 4156 975 4221; x_wconf 90' lang='lat' dir='ltr'><strong>herois</strong></span> <span class='ocrx_word' id='word_1_299' title='bbox 995 4156 1086 4221; x_wconf 81' lang='lat' dir='ltr'><strong>Cium</strong></span> <span class='ocrx_word' id='word_1_300' title='bbox 1106 4179 1158 4218; x_wconf 86' lang='lat' dir='ltr'><strong>re·</strong></span> 
     </span>
    </p>
   </div>
   <div class='ocr_carea' id='block_1_4' title="bbox 0 0 1434 4975">
    <p class='ocr_par' dir='ltr' id='par_1_4' title="bbox 0 0 1434 4975">
     <span class='ocr_line' id='line_1_36' title="bbox 0 0 1434 4975; baseline 0 1"><span class='ocrx_word' id='word_1_301' title='bbox 0 0 1434 4975; x_wconf 95' lang='lat' dir='ltr'><strong> </strong></span> 
     </span>
    </p>
   </div>
  </div>
 </body>
</html>
