2859 4975
556 370 593 455 c.
618 390 813 489 vitnau
842 379 1031 481 rancor

295 520 405 585 Sidera
421 519 482 585 lixa
495 536 629 610 pavent,
646 539 678 587 et
692 524 743 587 avi
759 540 869 613 stupet
883 527 990 601 orbita
1005 527 1090 592 Solis
1100 500 1117 591 τ’

295 637 403 701 Mutat
417 660 512 727 agros
525 635 728 729 fluviumque
740 640 824 722 rias,
841 619 920 706 suus
932 642 1039 731 alligat
1051 643 1118 731 igni

297 752 424 815 Cuncta
436 775 549 840 sopor,
561 754 713 841 recoquit
724 756 826 819 fessos
837 771 930 820 aetate
941 771 1108 844 parentes,

295 870 423 957 Datque
435 869 510 945 alias
524 870 593 934 sine
604 870 674 959 lege
686 871 788 937 colus.
801 872 895 936 Hanc
905 872 1045 936 maxima
1055 873 1146 936 Circe
1287 894 1329 939 uus

297 983 458 1049 Terrificis
476 985 592 1050 mirata
609 984 733 1067 modis,
752 986 838 1050 hanc
851 984 975 1049 advena
987 984 1157 1075 Phryxus,

298 1099 454 1180 Quamvis
466 1100 596 1165 Atracio
610 1101 724 1164 lunam
740 1123 891 1188 spumare
903 1090 1032 1166 veneno

295 1215 414 1298 Sciret,
431 1231 464 1279 et
476 1215 653 1279 Haemoniis
666 1215 779 1305 agitari
793 1216 942 1279 cantibus
955 1215 1098 1281 umbras.

339 1331 427 1419 Ergo
445 1330 563 1419 opibus
580 1330 711 1420 magicis
724 1347 758 1394 et
770 1330 955 1419 virginitate
968 1328 1172 1395 tremendam

297 1446 383 1509 luno
395 1444 471 1508 duci
484 1444 603 1509 sociam
611 1432 814 1534 ‘conjungere
825 1445 941 1531 quaerit
951 1443 1099 1509 Achivos
1289 1465 1333 1511 ⁴⁵0
1421 1499 1422 1528 ,

297 1557 374 1621 Non
387 1556 480 1621 aliam
497 1557 596 1621 tauris
607 1556 696 1622 videt
707 1575 740 1623 et
752 1558 958 1623 nascentibus
970 1558 1067 1623 armis

284 1752 338 1807 443.
355 1753 445 1815 Alligut
460 1756 520 1801 imis.
530 1757 621 1801 Borion.
634 1755 688 1802 cod.
704 1755 754 1803 Att.
766 1757 835 1818 iguis.
847 1759 939 1803 Bonon.
953 1758 973 1803 1.
983 1759 1048 1803 lunt.
1059 1758 1146 1803 Maser.
1160 1755 1213 1802 Atd,
1227 1757 1332 1817 lingent.
1369 1790 1372 1796 .

254 1834 346 1893 Irrgeus.
356 1834 448 1879 Ilonon.
460 1834 493 1879 11.
507 1860 537 1871 -
546 1840 600 1889 444.
611 1834 793 1897 Recolitfessos.
803 1838 894 1881 Bonan.
905 1834 959 1881 cod.
972 1844 996 1881 et
1008 1836 1064 1881 edd.
1078 1844 1132 1881 ante
1141 1836 1207 1881 Carr.
1223 1835 1333 1896 llefouet.
1421 1879 1422 1888 ,

253 1910 332 1971 Aliqui
343 1927 380 1972 ap.
392 1911 467 1959 ntum.
476 1913 588 1975 decoquit
599 1929 628 1960 ex
639 1915 701 1975 conj.
712 1916 787 1960 Gron.
799 1914 868 1961 Obss.
879 1914 920 1968 Ν,
933 1905 1009 1960 a1.-
1018 1920 1072 1973 447.
1083 1916 1138 1974 Qua
1146 1914 1200 1958 visa
1212 1916 1332 1959 Tartareo.
1421 1937 1423 1948 ›

254 1992 344 2037 Bonam
356 2000 380 2037 et
391 1991 469 2037 Burm-
482 1992 553 2039 codd.
567 1997 619 2054 Qua
639 1995 689 2039 visa
702 1996 786 2041 llario.
795 1997 885 2041 Bonan.
896 1995 920 2044 l;
937 1994 1001 2041 unde
1012 1994 1114 2041 restituit
1125 1995 1228 2057 quamuis
1236 1996 1334 2040 Atmcio
1421 1995 1422 2010 ¹

254 2070 340 2117 Sabell.
348 2098 379 2107 -
390 2079 445 2135 449.
460 2075 549 2136 Opibus
559 2077 655 2137 mageis.
667 2079 793 2137 Perperam
805 2078 871 2123 Cart.
886 2077 917 2121 ll.
934 2077 977 2122 En.

254 2250 320 2299 veut,
337 2236 446 2299 timent,
460 2254 494 2289 ne
507 2237 570 2291 caelo
588 2238 766 2293 devocentur.
811 2240 965 2312 patriarcnae
977 2248 1046 2291 artes
1056 2239 1122 2291 bene
1134 2248 1247 2290 noverat
1256 2237 1334 2309 ,qui-

288 2314 765 2388 44&Mutatagrosfluviommqnenias,
811 2319 976 2373 busfeminae
986 2320 1090 2393 Lunam
1104 2316 1271 2374 adiramita
1285 2335 1334 2369 ex·
1421 2345 1422 2368 t

1421 1095 1423 1238 l

1421 1327 1423 1400 l

1421 2027 1423 2108 l

253 2406 283 2468 ut
293 2395 348 2467 agri
358 2396 436 2449 nudis
446 2410 601 2468 mergantur
611 2439 618 2466 ,
629 2398 704 2452 lluvii
714 2400 767 2452 alio
812 2399 940 2463 citarent,
960 2409 990 2449 ut
1002 2416 1095 2468 spuma
1103 2397 1139 2451 'in
1152 2408 1247 2449 terram
1266 2396 1333 2449 laer·
1421 2377 1422 2438 l

252 2475 329 2528 alveo
357 2475 497 2541 incedant;
522 2498 579 2531 surus
602 2482 769 2549 attigarsignt
811 2476 1336 2552 basquerorisinstardeflueret,quam
1421 2498 1422 2551 j

253 2553 343 2606 cuncte
358 2577 437 2626 sopor.
456 2559 518 2611 Haec
534 2577 590 2613 uon
608 2577 662 2612 uuo
686 2559 767 2614 modo
813 2559 939 2612 veneficae
952 2552 1155 2627 Iunepemoete,
1170 2557 1251 2612 ovid.
1265 2558 1335 2610 Met.
1421 2610 1422 2621 ,

254 2647 364 2706 possunt
379 2638 490 2709 exponi·,
511 2657 561 2709 ego
577 2637 686 2710 quidem
706 2659 786 2709 cum,
813 2638 885 2701 VII,
899 2640 966 2700 268,
984 2639 1156 2710 colligereut3
1175 2638 1248 2689 conf.
1267 2658 1334 2689 san·
1421 2690 1422 2703 ,

254 2717 443 2786 sequentibus,
463 2721 574 2785 recoquit
588 2719 673 2786 fessos
696 2735 770 2772 oetate
811 2721 930 2785 giriacum
952 2724 1031 2769 Lance
1053 2720 1131 2777 iram,
1157 2715 1334 2784 infra‚VII,

250 2810 382 2862 parentes,
412 2796 545 2850 cohaerere
573 2798 698 2865 arbitror,
717 2799 769 2852 hoc
814 2795 1334 2866 330,etv111,833virgil.AEn.1v,

253 2891 345 2926 sensu:
359 2893 450 2929 ornnes
457 2915 466 2938 ,
477 2895 545 2947 quos
558 2887 615 2928 arte
627 2895 674 2929 sua
688 2877 717 2928 in
731 2878 769 2931 vi·
816 2876 885 2942 513,
900 2896 994 2926 messus
1004 2881 1142 2926 adernam
1149 2878 1267 2949 pubentes
1279 2880 1337 2926 her·
1421 2882 1422 2889 ’

254 2965 308 3006 tam
320 2972 445 3008 revocare
457 2956 603 3028 promittit,
618 2955 706 3026 sopori
720 2954 769 3008 da·
815 2961 878 3016 bas,
904 2966 929 3006 et
949 2955 1051 3008 Lucan.
1071 2955 1128 3019 VI,
1151 2959 1220 3023 669,
1243 2960 1337 3008 lunare

253 3046 293 3088 tos
313 3035 384 3087 etin
403 3034 518 3090 ahenum
535 3037 670 3107 conjectos
693 3054 769 3088 senes
814 3040 893 3087 vines.
1251 3095 1254 3100 Ι

252 3115 385 3188 recoquit,
399 3114 472 3188 quod
489 3134 583 3186 reapse
601 3114 637 3167 ita
656 3133 716 3168 eam
733 3115 770 3184 fe
850 3115 994 3184 449.Hanc
1003 3115 1094 3186 itaque
1105 3115 1234 3187 virginem
1247 3120 1336 3182 opibus

254 3194 319 3249 cisse
329 3209 423 3250 notum
434 3215 466 3248 ex
475 3194 564 3248 Ovidii
573 3195 684 3248 Metam.
694 3195 768 3262 VII,
812 3197 934 3262 magicis,
950 3209 976 3246 et
989 3197 1148 3267 virginitate,
1164 3196 1228 3266 quia
1241 3196 1351 3260 ,Dianae¹
1421 3226 1422 3231 =

256 3279 306 3330 160
318 3297 377 3349 sqq.
392 3295 472 3347 quern
482 3275 591 3328 omnino
604 3275 768 3328 cousuluisse
813 3283 870 3326 erat
889 3271 1031 3336 sacerdos,
1051 3293 1111 3345 quae
1126 3274 1235 3327 illibatae.
1250 3273 1337 3328 debe·

253 3373 308 3409 non
318 3356 464 3428 poenitebit.
812 3353 859 3405 bat
879 3373 935 3406 esse
954 3352 1090 3424 pudicitie
1101 3354 1192 3423 (conl.
1206 3354 1244 3416 V,
1267 3360 1336 3417 aito:

289 3437 351 3501 445.
362 3441 461 3504 Datque
476 3437 540 3487 elias
555 3437 609 3486 sine
623 3438 679 3502 lege
697 3436 766 3484 eolus
781 3428 787 3438 ⁵
806 3433 862 3500 fert
879 3443 965 3485 castos
979 3437 1071 3484 Medea
1086 3438 1174 3500 clroros
1183 3435 1212 3500 ),
1225 3447 1335 3484 tremen-

252 3516 358 3583 (colus,
378 3534 413 3568 an
437 3520 503 3566 colos
524 3513 638 3579 scribas,
658 3509 769 3583 perinde
813 3515 886 3573 duam
912 3513 984 3564 Juno
997 3512 1089 3566 laconi
1108 3515 1284 3574 suosoeiem,
1308 3527 1339 3566 et
1421 3520 1422 3523 ’

254 3589 772 3666 est),latavitaequeterminoshomiui·
815 3590 1019 3659 auxiliatricem,
1042 3591 1108 3645 dare
1133 3591 1280 3644 coustituit,
1298 3623 1338 3633 -
1421 3592 1422 3623 l

254 3675 304 3728 bus
316 3675 428 3728 aParcis
443 3673 602 3748 praestitutos
617 3683 704 3725 mutat
721 3689 786 3742 pro⁴
818 3673 966 3740 Virginitate
984 3675 1138 3724 tremendam
1160 3670 1199 3736 sic
1220 3670 1338 3742 explicat
1421 3682 1422 3721 Ἰ

253 3753 349 3807 lubitu.
360 3759 432 3806 Hane
441 3753 554 3806 mariana
562 3755 671 3824 tem'ficis
682 3754 782 3822 modis„
815 3749 1061 3826 AdelphusDurepu
1068 3755 1100 3803 de
1110 3755 1241 3803 Lamalle:
1257 3753 1338 3823 cujus

256 3833 432 3888 famosissima
449 3833 623 3900 incantatrix,
639 3836 707 3884 Cr'ree
724 3834 772 3883 mi·
815 3829 972 3901 pudicitiam
983 3829 1077 3883 metuit
1086 3831 1171 3894 Juno,
1183 3848 1218 3881 ne
1228 3829 1261 3881 sit
1270 3848 1336 3883 con-

259 3929 313 3966 rata
328 3927 375 3966 est.
815 3909 880 3962 siliis
893 3911 947 3962 suis
958 3908 1159 3981 impedimento.
1170 3908 1224 3962 En.

292 3993 417 4063 447-448.
435 3991 469 4044 Εῑ
482 3973 585 4062 Atracia
601 4004 626 4045 et
640 3973 786 4063 Herennia,
852 3989 914 4054 451.
926 3993 1020 4059 Quippe
1035 4009 1085 4041 uon
1105 3991 1182 4041 aliam
1202 3992 1279 4040 tauris
1297 3961 1366 4052 ari-¹,

255 4072 397 4128 Thessaliae
404 4083 466 4125 sunt
478 4071 595 4124 nomina.
605 4071 680 4123 Hanc
690 4070 771 4124 mira·
818 4073 860 4121 det
872 4085 896 4122 et
905 4071 1059 4122 nascentibus
1071 4071 1164 4136 ermis,
1175 4067 1283 4120 armatis
1298 4069 1339 4120 vi·

255 4139 787 4224 tusestPhryxnsThossalusquanquam¹
818 4151 854 4203 ris
870 4163 965 4204 eterra
979 4147 1226 4222 procrescentibus,
1274 4168 1337 4202 rem.
