2859 4975
254 435 675 527 aneonaunieon
703 441 791 505 nm.
816 441 897 506 vu.
1049 435 1108 507 '123

90 577 152 640 Sub
170 576 295 642 decima
308 579 384 667 juga
402 579 478 644 foeta
497 554 610 662 metit,
628 583 781 670 saevitque
798 605 857 670 per
872 604 989 646 omnes

89 691 257 778 Relliquias
272 692 460 780 saniemque
476 692 548 776 dei3
563 695 663 783 gemit
678 695 788 760 irritus
805 696 858 760 ille

89 803 257 868 Colchidos
274 827 330 868 ora
346 820 441 869 tuens
459 828 467 870 :
485 823 571 871 totos
587 824 669 872 tuno
684 810 847 874 contrahit
859 825 948 874 artus

87 918 197 982 Monte
214 919 319 997 dolor,
335 935 524 1008 cunctaeque
543 937 688 987 tremunt
704 923 766 986 sub
782 923 862 987 falce
878 940 1007 988 eatenae.
1069 941 1108 994 ³70

127 1034 261 1098 Talibus
277 1035 387 1098 infelix
401 1051 514 1099 contra
529 1058 587 1100 sua
602 1059 702 1126 regna
718 1037 850 1101 venenis

86 1147 247 1230 induitur,
263 1150 418 1236 noctique
435 1165 578 1215 tremens
595 1152 736 1216 infertur
752 1174 869 1240 opaoee.

85 1263 143 1326 Dat
159 1263 305 1327 dextram
319 1285 497 1351 vocemque
511 1263 641 1346 Venus,
654 1265 847 1353 blandisque
862 1282 1031 1354 paventem

86 1379 256 1466 Alloquiis,
269 1380 453 1468 junctoque
470 1379 569 1444 trahit
583 1401 643 1467 per
659 1381 777 1444 moenia
792 1403 899 1468 passu.

86 1489 196 1571 Qualis
214 1489 322 1554 adhue
337 1508 466 1556 teneros
482 1515 672 1581 supremum
688 1493 805 1581 pallida
822 1494 918 1558 foetus
1068 1510 1106 1561 ³7⁵

84 1603 186 1666 Mater
201 1603 242 1668 ab
258 1604 384 1670 excelso
397 1604 552 1692 produxit
564 1606 599 1668 in
613 1628 687 1670 aera
702 1605 798 1684 nido,

84 1717 306 1806 Hortatur-que
324 1720 431 1806 sequi,
451 1720 670 1808 brevibusque
686 1719 854 1809 insurgere
869 1720 1002 1808 pennis;

87 1834 161 1898 Illos
180 1834 306 1898 ooerulei
322 1834 446 1921 primus
461 1833 536 1898 ferit
548 1834 667 1899 horror
682 1832 832 1921 Olympi3

73 2044 122 2106 370.
150 2047 230 2092 Mente
255 2045 326 2092 dolor.
345 2047 497 2094 Bononiensis
517 2046 614 2102 codex.
643 2055 667 2092 et
692 2045 811 2093 editione·
831 2055 887 2092 ente
911 2045 1054 2092 finnionem
1077 2071 1108 2080 -

47 2120 92 2180 373.
109 2122 155 2166 Dat
173 2121 278 2166 dextram
294 2121 419 2186 blandique
433 2139 522 2186 pavens
545 2138 625 2168 vocem
651 2123 730 2169 Venus
745 2137 820 2184 quam
838 2132 881 2166 est.
903 2123 1020 2183 Corrupto
1032 2120 1108 2166 Vatio.

45 2199 92 2244 eod.
105 2202 152 2245 Dat
164 2201 186 2244 eL
201 2200 329 2264 blandeque
335 2217 421 2264 pavens
433 2219 512 2248 vocem
527 2205 637 2249 Venisset
651 2216 729 2265 quam.
746 2203 837 2247 Bonon.
849 2200 902 2248 cod.
914 2202 1005 2246 Bonon.
1017 2201 1028 2246 1
1040 2208 1064 2246 et
1076 2200 1108 2245 ll.
1209 2230 1213 2244 t

44 2278 103 2324 Jnnt.
118 2281 204 2325 Macer.
221 2279 341 2326 Ald....ut
355 2297 432 2344 qnam.
447 2283 547 2342 lingent.
564 2295 618 2326 eum
636 2280 687 2326 Pio.
697 2307 728 2315 -
737 2280 790 2340 377.
802 2283 955 2342 Hortaturque
966 2277 1108 2325 seneveio.

44 2356 92 2401 cod.
104 2360 257 2420 Hortaturquc
267 2359 322 2404 suis.
336 2359 401 2406 em.
412 2359 465 2405 cod.
480 2361 523 2406 En.

75 2524 134 2594 367.
146 2525 265 2591 Soevitque
276 2543 321 2591 per
332 2544 414 2576 omnes
423 2529 547 2593 relliquias
591 2528 677 2592 disque
684 2539 813 2592 paventem
823 2526 952 2593 alloquiis,
964 2525 1036 2577 bono
1049 2542 1108 2577 enm

43 2606 179 2670 carnemque
188 2606 245 2665 dei,
262 2615 437 2676 utquomque
451 2605 548 2660 Medea
592 2604 682 2656 animo
697 2622 754 2656 esse
768 2606 860 2676 jubet,
875 2610 1011 2675 junctoque
1019 2607 1107 2663 nate,

42 2680 152 2735 radicem
171 2695 314 2746 resecaret,
330 2684 366 2737 ita
383 2703 431 2755 per
444 2704 548 2757 sympn·
592 2682 690 2737 lentam
700 2683 771 2735 enim
783 2696 867 2737 metuo
880 2682 1021 2756 pudorque
1030 2682 1109 2736 lacie-

41 2760 131 2829 thiam,
144 2782 226 2834 quam
239 2774 354 2827 vocant,
367 2762 433 2819 deus
444 2766 550 2820 Prome·
593 2762 657 2813 bant
666 2801 674 2827 ,
682 2781 732 2831 per
742 2765 833 2813 mia
840 2783 929 2830 passu.

41 2842 110 2893 theos
124 2842 153 2893 iu
164 2841 266 2913 exiguis
276 2842 419 2896 exulcerati
425 2845 549 2916 jecinoris
629 2839 756 2911 375-381·
765 2841 827 2894 Non
837 2841 925 2895 minus
938 2842 1027 2894 suavis
1039 2840 1107 2893 etad

15 2952 16 2959 κ
40 2920 163 2992 relliquiis
180 2922 260 2974 sensit
273 2921 405 2980 dolorem.
592 2932 693 2975 nature
706 2922 842 2975 veritatem
855 2921 1056 2975 accommodata
1070 2932 1109 2973 eet
1159 2979 1164 2993 Ι

72 3000 130 3053 368.
150 3004 231 3052 Gemit
248 3004 343 3062 irritus,
365 3003 475 3067 frustra,
495 3006 549 3055 Col-
593 3000 755 3072 comparatio
764 3002 878 3054 Veneris
887 3020 949 3053 eum
959 3000 1047 3071 aquila
1057 3019 1109 3053 ma·

41 3081 133 3142 elidos,
147 3079 264 3143 Medeae,
281 3102 327 3133 cra
342 3098 423 3143 tuem,
435 3082 548 3154 quoties·
592 3089 645 3144 tre,
654 3097 712 3149 qum
726 3079 919 3151 fetusprimum
928 3080 994 3132 nido
1005 3078 1108 3144 educit,

42 3175 149 3231 cumque
164 3157 282 3211 videret:
294 3176 357 3212 rocos
376 3176 433 3213 nme
450 3177 550 3212 contra·
594 3166 621 3208 et
630 3156 731 3209 Medea·
740 3177 802 3210 cnm
811 3159 901 3229 aquile
912 3159 1001 3230 pullo,
1015 3159 1062 3228 qni
1072 3158 1108 3210 ad

42 3238 72 3286 lit
90 3253 160 3288 artus
183 3254 264 3289 monte
286 3242 365 3301 dolor,
383 3258 437 3311 pre
456 3239 546 3295 dolore
590 3236 707 3308 primum
716 3238 784 3290 aeris
792 3238 999 3309 experimentum
1011 3237 1122 3291 facien-›

41 3325 117 3368 totum
131 3335 229 3388 corpus
239 3318 343 3385 horret,
354 3335 494 3388 cuncteque
503 3336 547 3372 tre·
591 3315 656 3367 dum
671 3336 685 3368 n
697 3328 781 3369 matre
791 3316 922 3371 incitatur.
940 3320 1039 3383 Qualis,
1059 3315 1109 3369 sie·

41 3412 103 3446 mim!
109 3433 117 3457 ,
125 3408 265 3460 resonant,
276 3400 395 3465 subfnice
406 3414 509 3452 catena.
591 3406 638 3459 ut,
652 3411 732 3447 mater
742 3400 841 3464 pallida
847 3435 855 3458 ,
871 3396 928 3467 ipsa
937 3395 1107 3461 meticulosa,

71 3474 197 3543 371-399.
212 3476 332 3529 Tandem
345 3476 425 3530 domo
445 3477 547 3533 excedit
584 3477 654 3543 setus
674 3478 757 3527 adhuc
775 3491 869 3529 teneros
883 3480 917 3528 ab
935 3478 995 3527 nido
1009 3480 1106 3527 excelso

40 3550 139 3605 Medea.
156 3556 255 3605 Talibus
268 3558 366 3624 baselice,
381 3557 547 3623 miseranda,
592 3555 618 3603 in
630 3572 692 3605 acra
705 3574 856 3622 supremum,
866 3555 978 3621 ethere,
984 3556 1108 3622 produxit

40 3649 121 3683 ccccm
135 3652 182 3683 sna
198 3653 289 3701 regna,
304 3637 432 3704 patrium,
448 3641 548 3688 venetus
592 3625 763 3705 (ἀορίστως),
773 3633 919 3705 producere
929 3632 1011 3697 solet,
1020 3636 1107 3684 horta-

40 3711 146 3761 induitur
160 3714 290 3781 (cingitur,
303 3711 385 3783 355),
398 3715 547 3780 instruitur,
592 3726 679 3780 torque
698 3717 780 3781 sequi,
799 3716 953 3781 brevibusque
972 3715 1108 3781 insurgere,

40 3794 149 3857 noctique
163 3805 266 3841 tremens
281 3794 382 3859 insertur
400 3814 497 3861 opacoe,
514 3806 548 3847 te·
592 3808 619 3845 se
630 3792 769 3856 extollere,
775 3794 874 3859 pennis.

39 3868 123 3920 nebris
134 3868 220 3921 noetis
230 3887 259 3921 se
272 3870 428 3936 committit,
439 3873 547 3925 metiou-
628 3869 688 3939 378.
699 3870 768 3922 Pulli
790 3882 819 3925 ut
841 3869 957 3941 primum
978 3870 1060 3922 latum
1081 3880 1107 3921 et

39 3943 86 3999 losa
96 3960 196 4000 tamen.
592 3949 752 4001 immensum
764 3949 861 4001 ethera
872 3948 923 4001 sibi
938 3960 1058 4019 apertum
1068 3947 1107 3999 vi·
1170 3976 1173 3982 ·

71 4025 198 4097 373374.
210 4027 340 4080 versiculi
348 4028 545 4100 jucundissimi!
592 4025 656 4077 dent
667 4025 715 4095 (de
726 4027 817 4080 avibus
830 4025 924 4079 nidum
936 4028 1051 4099 primum
1065 4045 1105 4079 re·

40 4108 85 4155 Dat
94 4109 213 4157 dextmm
227 4127 360 4175 uocemque
375 4115 467 4169 Venus,
484 4110 548 4163 dex·
594 4105 774 4175 linquentibus
790 4106 852 4158 Vide
869 4106 946 4166 ellam
959 4106 1107 4168 Olidlumv

39 4192 71 4233 un
84 4183 235 4255 prehendit,
245 4186 285 4238 En
298 4186 391 4240 adsum
404 4188 468 4239 tibi!
481 4193 549 4241 blau-
595 4182 627 4236 de
643 4186 705 4237 Arte
722 4186 865 4247 amatoria,
883 4186 921 4248 II,
933 4186 1000 4253 64),
1012 4184 1108 4236 horror
