2859 4975
342 428 750 495 ARGONAUTICON·
765 430 852 493 LIB.
872 428 933 493 v1.
1136 425 1187 495 53'

150 560 231 621 Ante
242 557 374 641 videns3
389 575 537 649 quotque
553 582 639 623 unus
656 580 776 647 equos,
793 575 876 647 quot
887 558 1041 625 funderet
1053 584 1162 645 arma,

149 675 353 762 Orantesque
367 675 455 739 viros
472 697 571 763 quam
587 673 696 739 densis
712 690 872 739 sterneret
883 674 1002 739 hastis:

149 789 287 875 Quaque
304 788 423 853 iterum
440 790 538 855 tacito
556 790 672 877 sparsit
688 813 768 879 vaga
783 790 909 855 lumina
924 791 1042 872 vultu,

148 906 213 967 Aut
228 904 335 967 fratris
353 926 520 992 querens,
534 921 591 969 aut
604 905 691 993 pacti
705 905 852 995 conjugis
864 928 973 987 arma,
1141 920 1180 959 ⁵⁸⁵

149 1020 256 1083 Saevus
273 1019 320 1083 ibi
335 1020 460 1087 miserm
476 1022 631 1109 solusque
649 1022 792 1085 occurrit
807 1022 915 1119 Iason.

151 1135 246 1197 Tunc
260 1133 311 1197 his
327 1157 514 1223 germanam
530 1134 735 1225 aggreditur,
752 1157 814 1200 ceu
825 1134 948 1218 nescia,
962 1134 1076 1201 dictis:

148 1278 161 1304 a
172 1248 274 1330 Quis,
290 1270 423 1337 precor,
440 1248 510 1332 hic,
531 1264 602 1313 toto
615 1248 681 1329 jam
698 1248 827 1314 dudum
843 1251 968 1314 fervere
986 1274 1102 1339 campo

150 1364 259 1446 Quem
277 1379 385 1445 tueor,
403 1386 568 1451 quemque
586 1365 657 1453 ipsa
672 1360 787 1429 rides?
803 1386 880 1427 nam
901 1380 933 1427 te
949 1388 1083 1453 quoque
1098 1366 1154 1430 tali

147 1478 329 1542 Attonitum
344 1478 466 1543 virtute
484 1500 558 1542 reor
570 1508 594 1542 ν.
612 1480 736 1541 Contra
752 1499 865 1565 aspera
875 1479 962 1542 luno
1141 1500 1182 1551 ες.

147 1591 266 1656 Reddit
283 1614 381 1681 agens
398 1592 555 1677 stimulis,
572 1614 610 1655 ac
628 1590 706 1655 diris
726 1590 896 1655 fraudibus
914 1608 1031 1681 urget:

148 1706 298 1794 «Ipsum,
312 1706 373 1786 ait,
387 1702 571 1769 AEsoniden
585 1703 708 1786 cernis,
725 1726 830 1787 soror,
845 1727 976 1793 aequore
989 1721 1082 1771 tanto

138 1916 188 1963 582.
202 1916 300 1963 rudera:
313 1931 386 1960 arma.
395 1886 472 1960 Vatia.
487 1892 577 1959 Bonon.
594 1913 665 1960 codd,
679 1916 770 1960 Bonou.
785 1914 796 1959 l
812 1916 959 1963 stillant.
977 1917 1062 1963 Moser.
1077 1919 1177 1980 lingent.

107 2021 135 2030 -
144 1995 197 2042 583.
208 1995 444 2056 Errantesqueariros‚
454 1993 540 2039 Sabell.
553 1993 673 2039 Potamos,
688 1991 742 2037 Ald.
756 1994 854 2038 sisteret
864 1993 1028 2042 lamentatio.
1040 1995 1094 2041 cod.
1108 1999 1182 2043 tare·

106 2084 138 2119 ret
145 2076 224 2120 arratis.
235 2076 327 2121 Boron.
335 2074 388 2120 cod.
398 2076 490 2121 Bonou.
500 2075 511 2119 1
522 2082 546 2119 et
555 2075 593 2129 11,
605 2083 629 2119 et
641 2072 696 2121 edd.
707 2082 762 2120 aute
770 2074 837 2120 Carr.
849 2075 896 2120 En,

105 2266 232 2337 impetum
252 2265 388 2327 facturus,
404 2286 470 2318 nunc
484 2286 533 2334 quo
546 2268 622 2319 diver·
666 2279 747 2319 tama
757 2266 878 2332 Juuone,
894 2269 1038 2335 aggreditur
1046 2267 1184 2326 dictis,eeu

105 2366 145 2396 sus
161 2347 251 2404 abiret,
265 2344 317 2396 alio
330 2345 389 2398 loco
403 2364 497 2399 manus
512 2364 619 2399 conser·
665 2348 765 2407 nescia,
777 2346 855 2415 quasi
868 2365 922 2397 uon
941 2356 1028 2398 nosset
1041 2346 1182 2410 Jasonem,

104 2436 178 2476 turus
188 2432 271 2486 esset,
279 2428 436 2477 antevidens
444 2464 452 2486 ‚
461 2424 618 2500 conjiciens,
665 2424 867 2499 optime'autem
880 2435 1002 2477 noverat.

105 2504 257 2574 auspicum,
267 2518 326 2570 quot
335 2524 410 2572 equos
420 2525 498 2566 renus,
510 2519 570 2572 quot
578 2524 619 2555 ar·
701 2507 762 2575 590.
777 2509 867 2558 Coreva
882 2511 948 2556 Iuno
965 2523 1072 2572 aspera,
1087 2503 1183 2556 crude·

105 2581 282 2652 mafitnderirt,
296 2583 400 2636 lanceas
415 2583 533 2636 hostium
547 2584 620 2637 fran—
663 2584 695 2638 lis
706 2584 770 2656 satis
781 2622 789 2648 ‚
801 2602 861 2655 quae
871 2583 990 2636 animum
1004 2581 1113 2653 virginis
1122 2603 1185 2655 per·

105 2674 192 2732 geret,
211 2680 287 2726 quam
304 2666 400 2725 densis,
418 2663 511 2716 crebro
524 2662 621 2735 repeti·
652 2653 802 2717 'turbatum
815 2663 897 2734 magis
909 2663 1105 2733 instigaret,ac
1122 2665 1182 2714 diris

105 2743 137 2794 tis
146 2779 153 2806 ,
162 2743 240 2792 tastis
251 2743 319 2792 viros
333 2757 451 2794 sterneret
460 2755 559 2794 orantes
565 2765 576 2806 ‚⁰
588 2760 620 2796 eo
657 2745 793 2814 fraudibus
804 2757 916 2812 urgeret,
931 2741 988 2795 haec
999 2741 1081 2797 verba
1090 2744 1184 2802 reddat,

105 2819 201 2892 adigit,
213 2830 243 2868 ut
251 2817 286 2871 de
297 2820 348 2873 vita
361 2821 549 2892 supplicentur.
664 2822 808 2895 respondet
815 2821 868 2892 its,
879 2833 909 2874 nt
919 2819 1021 2874 Jasonis
1031 2817 1122 2874 laudes
1131 2818 1186 2874 cal·

141 2901 203 2966 584,
224 2905 328 2967 Quaque
341 2904 426 2952 iterum
440 2903 514 2951 tacito
531 2903 621 2970 sparsit
664 2902 719 2956 lide
730 2913 835 2974 augeat.
1030 2966 1033 2969 Ι

106 3000 175 3048 uaga
187 2976 283 3034 lumina
299 2983 384 3039 uultu,
397 2980 418 3031 si
437 2977 545 3050 quando
558 2997 621 3032 ocu·
700 2984 855 3054 592,1psum
865 2981 1002 3032 AEsoniderr
1012 2982 1108 3039 cumis,
1123 2977 1182 3030 lau·

106 3057 144 3110 los
153 3061 206 3113 alio
217 3059 396 3122 circumtulit,
407 3057 453 3111 sed
470 3062 554 3119 tacito,
565 3077 619 3110 non
664 3061 783 3113 dandum
793 3077 855 3113 eum
866 3057 893 3111 1⁰
902 3060 938 3112 oh
949 3070 1102 3130 susceptum
1111 3056 1179 3108 tanti

105 3137 141 3192 ita
157 3139 273 3216 cupido,
293 3138 403 3209 fugitivo
421 3144 514 3200 uultu,
537 3137 619 3190 animi
665 3140 777 3212 periculi
790 3140 841 3192 iter
852 3157 860 3203 3
873 3138 1065 3206 aequore'tanto,
1079 3154 1129 3207 per
1144 3146 1183 3190 tot

107 3221 204 3273 affectu
225 3220 302 3273 vultu
319 3238 458 3290 expresso,
479 3233 524 3270 aut
529 3219 620 3288 sratrr‘s
664 3219 765 3284 maria,
779 3220 862 3269 debita
881 3216 1049 3288 cognationis
1059 3217 1119 3287 Jure
1131 3215 1184 3265 vel·

106 3299 212 3372 Absyrti
222 3312 408 3366 quoerens‚aut
415 3300 489 3365 pacti
497 3298 619 3366 conjugis,
665 3301 719 3349 Iera
730 3297 824 3363 Phryxi
835 3296 932 3366 repetit
947 3313 955 3360 ;
975 3294 1044 3347 a⁰ob
1062 3292 1186 3345 nobilita,-

106 3379 196 3450 sponsi
208 3378 288 3441 Stiri,
303 3397 387 3436 anna,
403 3395 446 3430 res
459 3378 493 3430 ab
506 3389 621 3448 utroque
664 3388 720 3428 tem
735 3373 852 3447 generis:
873 3393 919 3424 uec
935 3393 1002 3425 nune
1020 3374 1096 3424 laude
1112 3374 1183 3440 pn'or

106 3457 210 3511 fortiter
220 3468 323 3529 gestas,
335 3477 414 3508 saevus
426 3459 460 3506 ibi
471 3459 566 3508 misere
580 3476 622 3506 so·
664 3459 776 3525 generis,
794 3474 841 3506 nec
861 3454 993 3522 sangaris
1016 3471 1121 3519 usquam
1145 3451 1186 3521 (si

108 3541 195 3604 Iusque
210 3539 317 3588 occurrit
328 3540 416 3587 Iason.
428 3534 563 3588 Junxerim
576 3555 624 3586 soe-
667 3554 722 3606 qua
732 3533 835 3606 generis
849 3544 875 3585 et
888 3531 1025 3603 sanguinis
1034 3529 1185 3584 differentia

106 3637 159 3667 vam
171 3621 270 3669 misere
278 3653 286 3676 ,
295 3614 348 3667 hoc
359 3632 453 3668 seusu:
469 3614 555 3666 solum
567 3633 624 3687 spe·
668 3611 811 3687 quaerenda
819 3612 866 3679 sit,
877 3609 1047 3682 quodtamen
1056 3607 1186 3663 nonadeo

106 3707 160 3748 ctat
171 3715 249 3758 eum,
268 3693 316 3766 qui
332 3706 423 3746 tamen
441 3711 502 3745 mox
522 3693 572 3763 ipsi
584 3704 623 3745 tot
667 3691 846 3746 necessarium
865 3706 921 3743 esse
939 3689 1054 3762 videtur,
1077 3685 1185 3740 accede·

106 3793 231 3828 curarum
249 3788 328 3843 atque
346 3772 524 3844 periculorum
542 3791 622 3826 causa
666 3791 722 3825 rem
736 3770 876 3834 Harlesio,
887 3769 935 3841 qui
954 3769 1006 3822 ita:
1017 3787 1096 3820 nemo
1113 3766 1184 3820 inter

106 3853 209 3906 futurus
223 3853 489 3925 sit.-Praepropere,
502 3863 532 3902 ut
543 3851 621 3904 nobis
665 3862 815 3922 pugnantes
824 3851 926 3922 majore
938 3847 1018 3902 laude
1030 3847 1137 3919 generis
1146 3865 1187 3899 or·

106 3932 392 4003 videtur,Wagnerus
407 3931 441 3984 de
456 3931 560 3984 Jasonis
578 3937 640 3983 sar-⁴
666 3942 761 4000 tusque
780 3929 934 3982 nobilitatus
954 3941 980 3980 et
1001 3927 1107 3980 celeber
1127 3937 1184 3991 est,

107 4010 168 4064 vitia
177 4029 252 4063 nunc
260 4011 358 4080 cogitat
368 4027 375 4062 :
385 4030 475 4072 savus,
485 4009 536 4064 hoc
547 4011 622 4073 loco,
667 4028 746 4062 nemo
759 4009 864 4062 arctiori
877 4005 1080 4062 necessitudinis
1096 4005 1186 4056 viucu-

39 4077 42 4085 ’
108 4089 178 4143 idem
188 4101 228 4142 est
236 4087 311 4160 quod
320 4092 442 4141 terribilis.
451 4091 502 4142 En.
666 4089 694 4142 lo
711 4087 789 4141 nohis
803 4090 926 4161 junctus)
934 4107 942 4153 ;
950 4085 979 4137 3⁰
991 4087 1026 4139 ob
1038 4081 1187 4158 pulchritu-

145 4170 205 4240 587.
221 4167 625 4238 Tunclsr'sgermanam,simula·
669 4166 780 4231 dinem;
808 4170 909 4232 Minyas
938 4170 1186 4246 interrproceresqua
