2859 4975
413 411 803 480 ARGONAUTICA.
1083 415 1142 480 281

120 546 192 611 Sole
209 545 330 634 quibus
345 546 473 635 genitus
487 545 599 618 AEetes
616 561 731 636 regnat
744 545 780 608 in
796 545 872 609 oris.
1121 565 1145 606 ss

119 661 202 726 Nam
219 660 327 724 timuit
344 660 446 725 Pelias
458 661 629 751 presagia,
644 683 687 724 ne
704 659 767 725 sibi
781 659 874 749 regni

118 775 253 840 Auferat
269 767 443 840 AEsonides
458 777 604 840 venturis
617 791 746 864 sceptra
760 773 887 840 diebus.

118 889 311 954 Fraudibus·
322 888 403 955 inde
415 890 483 956 rias
496 889 600 955 fallaci
618 889 719 955 corde
734 889 890 955 struebat.

121 1004 246 1068 Vellera
262 1004 303 1070 de
320 1005 450 1070 Colchis
463 1029 539 1070 nam
551 1005 689 1086 jusserat
701 1027 800 1070 aurea
810 1004 888 1070 ferri
914 992 918 1004 ¹

119 1118 317 1184 Thessaliam
330 1118 372 1184 ad
389 1121 565 1210 pinguem:
578 1119 635 1186 sed
650 1141 714 1206 vor„
729 1133 769 1184 ut
784 1118 923 1208 pemolit
937 1140 1031 1186 aures
1122 1137 1148 1175 ⁶0

120 1233 240 1323 Impia,
253 1235 418 1300 lunonem
435 1235 585 1300 manibus
598 1250 693 1302 vocat
707 1235 762 1300 ille·
774 1235 902 1317 levatis,

120 1348 214 1413 Hane
226 1350 331 1414 colere
347 1373 365 1414 e
378 1351 506 1416 eunctis
519 1351 633 1416 solitus
648 1349 828 1416 caelestibus
843 1371 957 1415 unam.

120 1461 178 1526 llla
190 1462 302 1528 favens
315 1463 410 1544 justis
422 1463 573 1551 precihus
583 1464 637 1552 pia
649 1479 726 1530 rota
740 1479 880 1551 sequuta
894 1479 961 1528 esta

119 1577 270 1666 Namque
283 1578 458 1643 hominum
476 1578 578 1668 magis
593 1600 681 1644 unus
695 1593 764 1643 erat
778 1577 915 1643 dilectus
930 1579 972 1643 ab
985 1579 1039 1643 illa

121 1693 268 1756 Heroum
281 1671 464 1780 intrepidus
480 1691 719 1781 superinclytus
732 1691 857 1788 AEsone
870 1707 976 1757 naurs.
1121 1707 1147 1747 ⁶⁵

121 1807 260 1896 Cogitur
279 1806 358 1870 hine
375 1805 417 1870 ad
436 1807 659 1894 opus'Pallas,
676 1809 807 1872 Junone
821 1824 970 1872 vocante.

119 1922 162 1984 At
177 1919 239 1984 dea
259 1920 419 2009 fagineam
431 1919 526 1986 eeleri
543 1922 640 1986 struit
656 1919 774 1985 ordine
789 1922 947 2010 puppim,

120 2034 339 2124 Remigioque
349 2050 453 2124 aptat,
471 2035 588 2100 falsum
601 2057 673 2124 quae
686 2036 792 2124 prima
804 2036 1007 2125 profondum

119 2149 285 2232 Praeterit,
301 2165 334 2212 et
349 2149 448 2237 pleno
463 2151 569 2214 tenuit
584 2173 642 2214 sua
655 2151 752 2214 litora
766 2172 876 2233 eursu.

161 2264 253 2354 Ergo
267 2263 324 2328 uhi
340 2265 564 2354 magnanimos
579 2287 671 2354 reges
685 2265 815 2355 collegit
826 2266 941 2348 lason,
1124 2299 1150 2337 ,ο

118 2380 262 2469 Impiger
277 2378 320 2476 ad·
331 2379 477 2444 Thracen
490 2379 607 2444 celerat
618 2380 751 2470 vestigia
767 2396 922 2446 nostram.

119 2496 188 2559 Illic
204 2516 259 2558 me
275 2494 397 2559 cithara
410 2494 595 2559 sinuantem
611 2496 734 2583 plectra
747 2517 867 2561 canora

118 2610 268 2692 Invenit,
287 2626 325 2673 ut
338 2630 445 2675 sacros
461 2608 600 2674 facerem
617 2610 695 2691 tibi,
710 2610 882 2699 Delphice,
900 2627 1031 2693 moure,

121 2726 195 2808 Qua
213 2725 375 2789 traherem
388 2725 553 2806 volucres,
565 2740 752 2813 serpentes,
765 2747 863 2808 voce,
880 2723 1040 2815 ferasque.

119 2840 183 2906 Sed
201 2856 376 2928 postquam
393 2860 521 2929 gressus
538 2855 649 2927 optato
665 2838 735 2903 fixit
753 2840 788 2903 in
801 2857 913 2917 antro,
1125 2864 1148 2913 ,s

120 2955 261 3021 Protulit
277 2978 296 3019 e
307 2953 412 3018 calido
425 2954 577 3019 mellitam
592 2932 724 3042 pectore
736 2976 861 3019 vocem.

163 3100 177 3125 κ
187 3069 326 3157 Orpheu
343 3068 500 3157 Calliopes
518 3069 648 3157 OEagro
663 3084 738 3131 nate
755 3084 906 3157 parente,

119 3187 229 3273 Atque
247 3184 281 3245 in
299 3183 443 3248 Bistonia
460 3182 620 3247 Ciconum
637 3205 693 3245 rex
711 3183 852 3270 optime,
868 3184 973 3248 salve:

119 3298 171 3363 Tu
185 3320 330 3385 namque
344 3295 513 3363 AEmonias
526 3297 676 3384 princeps
689 3295 746 3360 das
760 3296 832 3377 jura
843 3320 903 3385 per
915 3297 1033 3385 Alpes,

120 3414 379 3501 Strimoniasque
390 3411 512 3495 undas,
525 3411 767 3501 Rhodopesque
780 3413 950 3477 cacumine
963 3435 1100 3478 summa.
1125 3438 1150 3474 ω

120 3529 196 3617 lpse
210 3551 271 3618 ego
287 3550 360 3593 sum
375 3527 502 3617 Minyes
516 3528 615 3618 regali
627 3529 786 3618 sanguine
797 3543 905 3593 cretus

121 3645 296 3708 Thessalus
310 3641 500 3725 AEsonides,
521 3644 640 3732 hospes
657 3643 718 3707 tibi
733 3660 841 3708 certus
857 3642 1039 3710 habendus.

122 3762 167 3823 At
189 3775 245 3839 tu,
263 3780 387 3846 quaeso,
402 3757 474 3822 fare
489 3758 620 3845 coeptis,
640 3773 672 3823 et
684 3758 817 3847 percipe
833 3754 942 3848 grato,

123 3874 207 3957 Quae
227 3872 353 3960 loquar,
372 3870 504 3954 auditu,
519 3893 579 3935 nec
595 3871 801 3937 inexorabilis
819 3889 901 3938 esto.

168 3986 310 4051 «Euxini
333 3988 497 4076 Pontique
513 3987 622 4069 sinus,
637 4003 669 4068 et
690 3986 828 4051 Phasida
847 4003 957 4052 tutum
1126 4012 1150 4049 rs
1219 4024 1229 4037 ,

122 4102 170 4166 Te
184 4117 309 4189 petere,
330 4118 366 4167 et·
378 4118 559 4167 monstrare
578 4102 674 4165 maris
693 4124 760 4189 quo
774 4102 904 4191 naviget
920 4105 1005 4191 Argo
