2859 4975
358 460 486 525 NOVI
519 466 768 539 EDITORIS
797 478 951 547 NOTAE.
1087 435 1090 444 ·
1132 484 1188 560 '83

122 567 150 617 iu
165 586 194 619 ea
213 570 270 639 ipsa
283 589 330 631 re,
349 571 376 623 in
393 592 444 645 qua
455 578 511 647 jam
524 578 644 635 instituta
662 586 754 640 fuisset
767 593 943 665 comparati03
963 598 1015 652 hoc
1027 604 1098 657 enirn
1117 607 1190 663 idem

121 670 195 718 esse,
208 671 240 704 ac
253 654 275 705 si
287 653 410 710 dixisset:
429 661 501 730 quali
517 660 635 732 diluvio;
649 669 694 721 tati
713 671 814 727 diluvio
825 717 834 742 ,
845 680 963 733 secundo
978 684 1038 738 loco
1056 688 1135 761 igitur
1145 714 1190 766 pa

119 737 241 791 nendum
255 738 335 793 fuisse
353 745 398 793 tali
410 746 514 810 impetu,
531 748 574 799 rei
591 750 677 805 simile
695 754 806 827 aliquid.
826 763 921 828 Recte,
939 767 987 820 sed
1007 781 1059 824 tota
1082 794 1190 849 compa·

119 822 191 875 ratio
208 822 360 887 claudicat,
379 836 405 875 et
423 827 519 880 merito
540 849 554 881 a
573 832 597 883 J.
614 834 644 887 C.
663 836 697 889 G.
714 839 818 894 Ernesti
835 844 864 897 in
878 847 1027 906 comment.
1047 876 1061 908 a
1081 857 1115 913 de
1133 863 1188 917 elo-

84 913 89 918 '
118 904 224 959 cution.
246 918 383 977 poetarum
405 910 549 965 latinorum
568 929 630 969 vett.
650 919 766 984 luxurie,
780 944 841 998 pag.
854 948 902 997 90,
923 932 951 987 in
968 922 1187 1011 iis'numeratur,

118 1007 181 1058 quae
193 1008 210 1041 a
222 990 301 1049 rebus
310 990 423 1044 nimium
435 992 607 1052 dissimilibus
619 1000 672 1053 sint
686 1006 781 1076 petita.
793 1034 806 1053 u
815 1010 852 1062 Ut
861 1013 965 1085 aliqua,
979 1019 1017 1073 sic
1034 1024 1086 1089 ait,
1096 1028 1187 1084 simili.

117 1098 132 1116 a
144 1070 211 1125 tudo
225 1083 307 1139 esset,
323 1075 379 1145 ipse
392 1089 469 1146 poeta
486 1078 574 1132 addit:
589 1086 676 1135 diluvio
689 1091 748 1149 tali,
760 1094 848 1144 talibus
861 1101 973 1152 exacuis.
987 1102 1041 1156 Sed
1050 1108 1107 1177 jam
1120 1110 1187 1167 iilud

117 1156 263 1225 «profecto
287 1170 439 1212 contortum
460 1174 499 1214 est
518 1174 545 1214 et
562 1164 702 1236 frigidum,
722 1172 795 1243 quod
813 1177 943 1232 excidium
960 1182 1091 1242 diluvium
1113 1192 1187 1250 dicit.

117 1240 245 1312 «Nempe
265 1254 342 1293 antea
359 1240 392 1295 de
411 1244 564 1300 Ariasmeno
583 1244 686 1306 dixerat
706 1274 773 1307 sera
791 1261 1016 1327 dsfjimditsoeium
1029 1275 1108 1341 juga.
1123 1276 1186 1333 Haec

116 1322 198 1376 «sola
222 1326 383 1394 diffisadendi
399 1328 473 1381 notio
493 1348 571 1383 causa
592 1334 673 1388 fuisse
694 1337 809 1408 videtur,
831 1361 880 1397 cur
903 1346 938 1399 de
960 1350 1051 1407 diluvii
1072 1356 1186 1432 imagine

116 1430 131 1449 «
142 1406 302 1477 cogitaret».
315 1408 361 1463 Sic
376 1410 537 1481 Wagnerus.

157 1544 191 1597 V.
204 1549 264 1607 hos.
274 1550 400 1599 Romanas
417 1553 497 1605 veluti
509 1555 642 1607 rarissima
657 1578 732 1625 quum
754 1566 861 1632 legiones

275 1632 405 1698 Tisiphone
423 1650 545 1702 regesque
563 1654 656 1701 moret,
682 1662 784 1710 quorum
802 1653 905 1717 agms'rm
921 1659 995 1722 pilis,

277 1719 384 1781 Quorum
404 1720 494 1784 aquilis
507 1724 627 1790 utrimque
640 1728 741 1780 micant.

117 1845 217 1897 Confer
229 1846 385 1909 Lucanum,
397 1848 513 1903 Pharsal.
528 1852 557 1915 1,
570 1855 606 1917 6ε1

272 2004 497 2023 ...............
512 1976 649 2041 infestisque
660 1982 729 2030 obvia
740 1985 812 2047 signis

267 2044 350 2107 Signa,
358 2062 427 2107 pares
438 2050 539 2111 aquilas,
549 2062 573 2099 et
583 2054 631 2115 pila
641 2056 753 2106 minanda
763 2062 826 2123 pilis.

154 2194 188 2245 V,
203 2200 265 2259 414.
278 2200 344 2263 Quos
365 2200 446 2259 radii,
460 2219 520 2267 quos
532 2202 613 2270 frena
633 2222 728 2261 secant.
738 2210 892 2267 -Videtur
908 2236 939 2271 ex
951 2220 992 2278 hie
1003 2229 1108 2294 verbis,
1120 2254 1181 2301 quos

103 2277 188 2344 frena
200 2294 297 2340 secant,
310 2299 440 2352 equorum
453 2284 529 2336 frena
540 2289 690 2343 secantibus
703 2292 807 2347 laminis
821 2296 901 2354 fuisse
913 2302 1048 2362 instructa.
1061 2314 1180 2372 Obscura

112 2372 142 2411 et
153 2359 294 2431 singularis
303 2364 380 2416 nobis
389 2364 492 2418 videtur
502 2368 634 2439 Wagneri
645 2372 835 2446 interpretatio.

149 2506 210 2570 433.
221 2513 339 2576 Increpat
357 2525 380 2561 et
400 2515 468 2563 soeris
480 2518 617 2566 Vulcanum
633 2535 719 2568 moesta
737 2528 857 2588 querelis,

219 2595 459 2663 (hq'usstammfirrus
479 2599 549 2649 uidet
564 2601 628 2651 inter
643 2606 714 2669 regia
733 2617 817 2657 tauros

217 2680 314 2726 Pascua
329 2691 463 2730 tartaream
475 2683 609 2751 proflantes
620 2699 721 2752 pectore
738 2704 841 2743 nortem.

109 2797 185 2864 &rjus
199 2794 278 2848 docet
295 2796 354 2851 illos
374 2810 462 2856 tauros
483 2821 550 2874 opus
558 2805 674 2860 Vulcani
693 2809 784 2864 fuisse.

144 2945 181 2996 V.
198 2944 393 3010 452....medio
412 2971 486 3019 quam
505 2958 527 3004 si
543 2970 590 3008 stet
607 2962 632 3009 in
649 2963 750 3028 agmine
758 2967 889 3033 flamma,

260 3035 360 3084 Nullum
379 3051 457 3086 mente
474 3038 559 3104 nefas,
580 3045 660 3092 nullos
680 3047 819 3098 horrescere
830 3053 909 3104 uisus.

106 3151 139 3203 In
154 3151 266 3206 lectione
288 3160 402 3221 quamsi
417 3172 464 3209 stet
481 3160 570 3214 nullus
588 3176 627 3216 est
645 3184 744 3219 sensus.
765 3169 861 3225 Varias
880 3174 1003 3243 lectiones
1015 3183 1093 3251 vide,
1106 3208 1193 3261 qus-1

106 3253 168 3286 rum
180 3237 316 3307 potissima
329 3239 406 3293 nobis
420 3240 594 3311 videturque
608 3263 688 3301 staret
698 3280 735 3290 -
743 3257 852 3321 Agmine
854 3261 980 3326 stamme.
996 3265 1078 3320 Simili
1097 3271 1172 3327 locu.

55 3362 58 3368 ,
106 3317 179 3370 uene
193 3317 260 3371 dixit
268 3321 412 3392 Virgilius,
426 3324 522 3398 Georg.
538 3329 568 3395 Ι,
583 3329 632 3382 322
646 3369 654 3395 ,
668 3353 758 3401 agmen
772 3357 901 3406 aquarum.

142 3467 177 3518 V.
192 3467 255 3532 455.
268 3471 331 3519 Hine
343 3477 442 3524 Veneris
456 3479 591 3541 thalamos,
606 3501 748 3550 semperque
757 3489 866 3539 recentia
878 3496 947 3542 sertis

274 3557 348 3602 Tecta
356 3559 424 3620 pea't.

107 3677 205 3731 Confer
213 3679 306 3751 virgil.
318 3684 381 3736 AEn.
392 3686 421 3750 Ι,
436 3692 504 3751 416:

261 3832 344 3845 ......
358 3802 400 3848 ubi
412 3807 524 3866 templum
534 3807 580 3863 iili,
592 3819 734 3873 centumque
742 3817 822 3863 Sabas

256 3876 319 3922 Ture
327 3877 404 3924 calent
412 3895 469 3934 arae,
480 3884 588 3945 sertisque
599 3887 724 3933 maenibus
732 3891 819 3937 halant.

106 3990 246 4047 Claudiani
257 3996 361 4065 locum,
370 3999 403 4053 de
416 4019 469 4072 quo
480 4004 648 4076 Wagnerus‚
656 4006 700 4060 bic
711 4010 826 4066 inserere
836 4018 911 4072 nobis
921 4035 977 4073 erat
986 4029 1168 4096 propositum:

107 4092 185 4143 quens
206 4077 303 4134 deinde
324 4084 452 4138 fusiorem
475 4090 559 4152 nacti,
583 4091 707 4144 lectorem
732 4094 767 4146 ad
788 4098 876 4168 ipsum
898 4105 1073 4163 Claudianum
1096 4114 1170 4166 iuviti

106 4157 259 4228 relegamus.
303 4230 308 4234 .
1183 4188 1185 4192 ’

1009 4317 1038 4377 6.
