2859 4975
286 388 348 452 270
437 362 525 426 1210
555 333 814 437 lucrose,
838 358 1208 426 suentensem

370 495 480 560 Insula
494 493 569 557 dein
580 492 733 579 Anaphe,
750 491 889 581 longum
901 508 951 558 est
965 476 1146 558 memorata
1161 515 1219 582 per
1235 515 1365 564 aevum:
1416 514 1417 523 ¹

326 611 435 676 Litore
453 609 582 672 deserto
596 607 717 694 Minyae
737 630 844 695 quum
861 629 950 672 sacra
963 624 1132 695 pararent,

314 723 500 812 ¹Stipitihus
516 721 664 810 lymphas
679 719 869 786 ardentibus
886 719 1078 805 injecerunt.

326 811 449 904 Medeae
467 835 623 900 adstantis
640 816 769 900 famulae
785 835 970 905 Phaeacides
988 835 1053 900 alto

326 952 462 1017 Pectore
480 973 548 1015 non
568 965 722 1040 poterant
737 950 849 1023 laetum
868 971 1082 1038 compescere
1092 950 1213 1032 risum,

327 1068 427 1157 Orgia
443 1063 578 1130 sacrifici
591 1066 693 1132 solitae
706 1067 829 1148 majora
843 1065 954 1130 videre
1008 1138 1010 1140 ,

326 1182 468 1262 Alcinoi,
485 1179 634 1270 ditesque
648 1179 715 1246 foci
728 1180 871 1246 melioris
884 1180 1040 1246 honores.
1322 1199 1362 1252 7³0

327 1295 392 1360 Has
405 1282 564 1374 juvenum
582 1311 727 1374 aversata
742 1292 879 1377 cohors,
897 1295 1046 1369 conuicia
1061 1293 1182 1376 jactat,

327 1406 493 1495 'Turpibus
508 1409 673 1488 incessens
687 1407 795 1472 verbis
811 1406 979 1489 deturbat,
995 1423 1029 1470 et
1044 1425 1142 1474 arces

326 1522 375 1584 Ex
397 1521 452 1584 illo
475 1521 634 1586 muliebre
653 1543 757 1610 genus
776 1520 976 1604 contendere
995 1522 1101 1587 suevit

327 1637 439 1724 Usque
456 1637 549 1719 viris,
568 1635 731 1704 Phoebum
748 1659 808 1724 per
824 1650 943 1718 mutua
959 1636 1097 1720 crimina
1116 1636 1259 1725 placans.

372 1753 554 1816 Humentes
573 1750 804 1839 quando‘hinc
821 1747 942 1841 Minyae
962 1751 1088 1816 solvere
1108 1751 1285 1836 rudentes,
1324 1775 1361 1828 ⁷³⁵

260 1857 261 1860 ¹
328 1867 415 1930 Tum
432 1888 558 1931 memor
570 1865 762 1955 Euphemus
778 1867 933 1932 nocturni
949 1889 1033 1955 saepe
1051 1868 1197 1955 soporis,

328 1984 355 2046 A
373 1981 458 2046 Maia
472 1981 576 2071 geniti
589 1998 763 2050 veneratur
781 1982 918 2046 numina
936 1980 1024 2063 dini,
1172 2008 1178 2036 r

327 2098 370 2161 Et
385 2097 524 2161 memori
540 2098 698 2180 attonitus
713 2121 792 2187 vaga
809 2098 936 2162 somnia
950 2095 1048 2162 corde
1060 2097 1203 2175 uolutat:

328 2213 479 2300 Namque
492 2211 665 2280 videbatur
677 2210 780 2301 glebae
794 2209 1011 2277 candentibus
1027 2211 1113 2276 ulnis

327 2328 506 2418 Conjuugi,
524 2342 556 2391 et
571 2327 673 2390 veluti
689 2342 839 2408 materno
854 2326 1068 2409 laete'foveri.

327 2443 471 2508 Mamma
486 2440 636 2531 puellaris
648 2439 715 2505 visa
728 2457 793 2525 est,
813 2441 848 2505 in
866 2441 992 2529 virgine
1011 2441 1113 2530 qualis

327 2560 406 2623 Esse
422 2558 504 2623 solet
516 2572 646 2637 tenera3
663 2569 777 2630 moesto
792 2554 850 2619 sed
863 2571 978 2643 captus
990 2578 1102 2624 atnore
1171 2551 1175 2559 ’

326 2673 516 2763 Euphemus
532 2668 622 2733 dulci
639 2668 816 2734 verborum
832 2692 1003 2745 murmure
1021 2672 1132 2760 gestit,

327 2787 359 2852 N
361 2776 405 2850 on
425 2806 518 2849 secus
536 2806 572 2847 ac
585 2782 753 2849 dominam
767 2785 993 2872 complexibus
1005 2786 1127 2851 ambiat
1139 2788 1247 2857 arctis.

327 2900 436 2981 Quam
452 2913 562 2961 tamen
576 2896 770 2985 Euphemus
784 2913 873 2987 grata
886 2899 956 2962 vice
977 2900 1059 2965 lacte
1074 2902 1208 2969 fovebat
1268 2974 1271 2977 ,
1320 2925 1354 2975 ns

325 3017 400 3105 lpse
414 3036 491 3093 suo;
511 3010 586 3077 dein
601 3012 692 3105 virgo
708 3013 802 3100 loqui
818 3014 864 3091 sic
879 3014 946 3079 visa
961 3031 1115 3101 repente:

371 3126 535 3192 «Tritonis
554 3149 679 3216 genus,
700 3142 734 3190 et
748 3143 904 3193 natorum
918 3145 1011 3218 grata,
1020 3145 1156 3196 tuorum

325 3244 404 3308 Sum
422 3242 550 3323 nutrix,
568 3264 752 3329 nonquam
769 3241 944 3305 fortissime
961 3266 1033 3307 rere
1046 3246 1198 3333 puellam.

324 3356 388 3423 Sed
401 3380 453 3420 me
465 3354 555 3435 juxta
569 3355 727 3443 Anaphen
741 3356 841 3420 Nerei
853 3357 907 3444 pia
923 3359 1059 3440 numina
1075 3360 1245 3450 Nymphas

324 3475 476 3561 Deponas
492 3469 612 3559 pelagi,
634 3469 727 3533 nullo
743 3469 827 3557 pede
841 3488 970 3558 postera
989 3473 1088 3542 ducet
1274 3506 1277 3509 ⁴
1316 3506 1351 3556 ,ευ

324 3586 376 3652 Ad
395 3585 510 3649 Phoebi
529 3583 636 3647 radios
654 3606 706 3647 me
724 3585 782 3649 lux
799 3586 946 3651 sublimis
964 3588 1131 3677 Olympi.»

368 3697 541 3763 AEsonides
556 3696 654 3763 docto
672 3697 787 3763 Phoebi
800 3722 955 3787 responsa
970 3703 1122 3768 volutans

321 3814 471 3894 Pectore,
491 3813 644 3879 sollicitos
660 3812 755 3877 dietis
773 3814 893 3880 affatur
911 3818 1049 3890 amicos:

367 3930 418 3992 «Ο
433 3928 531 4009 socii,
543 3929 693 4015 praeclara
707 3927 841 4017 quidem
855 3953 915 3996 nec
928 3955 1024 4019 parva
1039 3952 1171 4022 paratur

286 4132 288 4136 Ι
323 4042 453 4107 Gloria:
486 4038 517 4103 di
539 4042 649 4129 superi
668 4043 820 4122 jactatam
842 4044 876 4134 in
900 4048 1016 4111 caerula
1040 4049 1169 4137 glebam
