2859 4975
431 423 801 487 Arcouaurrca
1010 475 1015 482 .
1086 423 1150 511 2⁸9

118 553 292 644 Frugiferae
308 577 464 642 quercus3
482 571 554 648 tum
572 572 676 619 vestes
694 555 834 643 desuper
848 555 971 642 amplas

118 668 241 733 Ordine
256 669 443 758 composui,
461 668 510 733 dis
528 669 755 734 convenientia
770 669 867 734 dona.

53 790 55 799 ’
117 784 213 848 Tunc
229 806 362 873 quoque
377 785 506 873 mugitu
519 800 727 872 praestantem
741 800 775 848 et
790 785 910 850 robore
926 801 1057 853 taurum

117 899 305 981 Viventem,
321 898 363 964 ad
379 921 514 987 superos
533 899 614 963 dura
633 900 758 964 cervice
773 899 904 977 reflexa,

117 1011 230 1078 Occidi
246 1014 412 1103 jugulans:
430 1014 554 1078 circum
571 1035 668 1078 cruor
684 1013 831 1102 undique
845 1031 972 1098 manat,
1107 1039 1146 1079 ns

19 1211 22 1216 Ι
116 1127 264 1215 Imposui
280 1150 379 1215 super
396 1144 428 1192 et
444 1127 652 1217 confringens
666 1128 764 1192 corda
780 1129 953 1218 placentis,
1062 1110 1065 1119 ἱ

115 1245 187 1306 Una
204 1244 283 1330 oleae
299 1217 506 1333 libansagnse
525 1266 601 1308 cum
619 1246 699 1309 lacte
716 1245 890 1332 liquorem.

116 1358 212 1420 Tunc
229 1354 312 1436 jussi
330 1356 428 1421 densa
444 1333 735 1446 proceres-adstare
750 1381 890 1440 corona,

115 1466 345 1560 Agglomerare
363 1485 474 1553 enses,
494 1469 627 1560 infigere
645 1473 707 1535 tela
721 1471 877 1550 juvenco,

115 1585 311 1672 Visceraque
330 1601 361 1649 et
377 1585 492 1674 pellem
508 1585 588 1648 nixu
604 1585 793 1674 transfigere
808 1586 947 1671 dextrae3
1107 1605 1146 1676 ³²?

114 1699 153 1762 ln
170 1699 280 1764 medio
295 1700 438 1787 patulam
456 1700 596 1764 collectis
612 1701 767 1774 omnibus
784 1725 900 1766 urnam

112 1814 295 1895 Constitui;
312 1811 389 1877 inde
408 1811 507 1878 manu
525 1815 739 1880 commiscens
755 1818 866 1880 omnia
884 1817 1000 1900 docta,

113 1929 266 2019 lnprimis
283 1929 428 2018 adipem,
445 1931 575 1994 cerealia
591 1930 677 1994 dona
694 1931 823 2013 farina,

112 2045 156 2108 Et
169 2045 269 2108 salsos
282 2045 385 2133 pelagi
402 2043 539 2126 fluctus,
558 2045 707 2133 taurique
728 2069 897 2130 cruorem,

112 2159 195 2223 Inde
212 2175 384 2224 coronatos
404 2161 483 2235 oleis
499 2160 540 2224 ad
556 2182 644 2224 sacra
659 2162 806 2243 rocavi‚-
1103 2185 1142 2225 ³2⁵

111 2275 185 2363 Ipse
202 2275 282 2338 meis
298 2275 437 2363 phialam
455 2275 605 2339 manibus
624 2276 709 2363 (fuit
724 2278 842 2366 aurea)
858 2250 1001 2344 sumens*

112 2388 247 2477 Implevi
264 2388 370 2451 mixtis
380 2389 513 2477 epulis,
531 2406 629 2476 atque
645 2389 761 2454 ordine
776 2391 894 2478 cuique

111 2506 258 2568 Heroum
277 2518 405 2593 gustare
422 2504 497 2568 dedi
513 2505 631 2569 virtute
650 2522 845 2593 potentum,

111 2618 153 2682 Et
169 2619 249 2707 picis
268 2619 386 2685 arentis
403 2619 576 2685 immittere
596 2621 742 2709 lampada
755 2622 835 2701 jussi

109 2733 246 2822 Ignibus
263 2732 443 2799 AEsoniden
458 2756 466 2797 ι
483 2732 561 2797 facis
578 2734 842 2823 ingeus‘llamma
852 2757 1010 2804 coruscat.
1099 2760 1139 2800 ³³0

109 2847 295 2912 Extendens
319 2862 389 2913 tum
406 2846 524 2913 deinde
538 2870 653 2913 manus
667 2852 849 2915 resonantis
865 2852 906 2916 ad
922 2854 1026 2919 undas

110 3280 193 3345 «Sed
212 3304 294 3345 voco
313 3298 344 3344 te
360 3281 503 3369 primum
519 3282 681 3345 seniorem
697 3283 801 3346 Nerea
818 3286 964 3366 cunctis,

112 3396 186 3477 Quo
204 3412 295 3483 patre
312 3398 462 3459 formosae
478 3412 556 3459 sunt
574 3395 808 3485 quinquaginta
825 3399 960 3484 puellae,

109 3512 149 3575 Et
165 3512 310 3600 glaucam
326 3510 451 3574 Phocas
467 3534 539 3598 quae
556 3512 700 3600 concipit
711 3513 947 3601 Amphitriten,

108 3626 289 3713 Proteaque
306 3640 338 3689 et
354 3624 538 3705 Phorcum,
555 3642 588 3689 et
603 3626 666 3689 late
682 3628 818 3691 'l'ritona
833 3645 1021 3711 sonantem,
1099 3650 1137 3689 aas

111 3741 151 3803 Et
168 3741 286 3806 celeres
307 3755 440 3821 ventos,
454 3740 574 3828 quibus
590 3764 686 3805 aurea
698 3742 846 3831 jungitur
861 3768 958 3825 aura,

111 3855 349 3943 splendidaque
360 3871 442 3919 astra
453 3858 578 3943 procul,
591 3856 740 3919 tenebras
752 3881 884 3944 quoque
898 3861 1001 3924 noctis
1011 3884 1134 3950 opacae,

81 4007 85 4011 -
110 3969 243 4057 Praeque
260 3970 375 4035 ducem
396 3970 533 4062 pedibus
548 3971 709 4058 fulgorem
730 3972 811 4035 Solis
828 3997 1004 4060 equorum,

112 4084 280 4151 Daemonas
298 4086 482 4175 amplexus,
499 4084 648 4149 heroidas
665 4108 770 4171 usqne
787 4089 945 4169 marinas,

157 4201 199 4264 ΙΙ.
374 4190 378 4199 ’
709 4200 717 4207 ’
969 4224 1008 4286 19
