2859 4975
319 397 362 478 94
628 395 663 456 e.
689 393 886 461 vatnnu
914 399 1088 467 rtrum

364 524 508 612 Contigit
524 545 607 612 aegra
622 539 729 604 toros,
744 541 776 587 et
791 549 883 590 mens
898 529 1030 594 incensa
1045 533 1204 617 tenebris,
1383 557 1392 592 s

364 639 499 702 Vertere
515 652 594 701 tunc
607 639 712 702 varios
728 662 787 728 per
799 639 897 730 longa
909 643 1073 710 insomnia
1085 665 1235 735 questus,

363 755 394 818 N
395 776 433 818 ec
445 767 555 842 pereat
568 774 635 839 quo
651 753 733 816 scire
746 753 849 837 malo;
863 755 1061 844 tandemque
1073 761 1167 824 fateri

364 872 453 934 Ausa
469 867 549 948 sibi,
562 867 708 955 paullum
726 867 835 932 medio
849 869 896 934 sie
911 871 975 935 fata
991 871 1104 939 dolore
1117 891 1184 940 est:

364 984 485 1048 «Nunc
501 1003 561 1071 ego
578 1003 645 1068 quo
662 1003 756 1064 casu,
771 985 823 1047 vel
841 1007 908 1073 quo
927 987 973 1051 sic
990 990 1124 1078 pervigil
1140 1013 1245 1080 usque

363 1101 437 1187 Ipsa
452 1097 564 1162 volens
582 1120 691 1162 errore
705 1099 842 1165 trahor?
858 1124 925 1165 non
939 1103 1009 1167 haec
1024 1106 1105 1169 mihi
1122 1122 1208 1172 certe

363 1211 439 1276 Nox
453 1226 521 1274 erat
535 1225 610 1274 ante
623 1225 717 1293 tuos,
728 1213 858 1294 juvenis
872 1215 1063 1300 fortissime,
1076 1221 1197 1286 vultus.

365 1327 458 1410 Quos
472 1348 533 1415 ego
547 1348 606 1390 cur
618 1325 739 1389 iterum
753 1325 887 1393 demens
900 1329 1085 1419 iterumque
1097 1333 1271 1416 recordor,

364 1443 445 1504 Tam
461 1461 581 1528 magno
597 1438 735 1504 discreta
749 1441 852 1505 mari?
867 1443 947 1529 quid
959 1444 995 1508 in
1010 1425 1140 1534 hospite
1152 1447 1223 1511 solo

364 1555 458 1620 Mens
471 1552 576 1618 mihi?
593 1553 723 1642 cognati
738 1555 846 1643 potius
857 1555 923 1636 jam
936 1559 1054 1623 vellera
1065 1559 1187 1650 Phryxi

364 1669 527 1757 Accipiat,
548 1691 619 1756 quae
637 1669 705 1734 sola
719 1671 820 1758 petit,
839 1695 978 1760 quaequc
994 1697 1060 1738 una
1075 1676 1225 1740 laborum
1368 1705 1388 1739 ιε

364 1786 469 1848 Causa
485 1783 566 1848 viro.
584 1783 668 1847 Nam
686 1783 819 1871 quando
836 1784 952 1850 domos
969 1786 1028 1851 has
1045 1788 1099 1852 ille
1114 1791 1254 1855 reviset?

363 1902 432 1964 Aut
447 1919 540 1961 meus
552 1895 701 1961 AEsouias
717 1897 851 1984 quando
864 1913 955 1986 pater
966 1899 1029 1964 ibit
1039 1900 1081 1964 ad
1092 1901 1217 1966 urbes?

318 2017 326 2040 ¹
362 2011 502 2095 Felices,
518 2011 632 2076 mediis
649 2012 706 2100 qui
723 2034 758 2076 se
774 2011 850 2076 dare
862 2011 1015 2078 fluctibus
1029 2016 1116 2099 ausi,

291 2183 293 2187 ·
350 2171 374 2218 6.
386 2168 546 2218 ΓαιὼΝιῑὶο.
557 2167 887 2231 cod.undeverie...qneetu.
898 2168 979 2217 Heius.
996 2194 1028 2206 -
1044 2187 1067 2232 7.
1081 2174 1119 2220 Ne
1127 2183 1217 2236 pereat.
1234 2175 1328 2220 Boron.
1339 2174 1385 2220 eod,
1418 2236 1419 2239 Ἴ

321 2249 369 2295 Nee
383 2254 479 2307 poterat.
494 2245 585 2290 Boron.
600 2244 612 2289 l
627 2251 652 2288 et
665 2243 698 2288 ll.
717 2245 783 2290 lunt.
802 2246 888 2292 Hasce.
900 2246 1000 2307 lingent.
1020 2247 1073 2294 ald.
1089 2250 1153 2294 Scire
1169 2249 1245 2295 mode.
1257 2250 1325 2296 Gerr.
1339 2249 1385 2295 cod.
1418 2254 1419 2261 ’

321 2329 345 2366 et
354 2318 392 2364 ed.
402 2319 435 2363 ll.
444 2320 497 2364 Vet.
506 2316 578 2362 Paris.
592 2318 652 2362 Scire
661 2315 729 2362 malo.
741 2316 794 2363 V'at.
804 2321 861 2364 Bou.
873 2320 943 2366 codd.
958 2331 982 2367 et
995 2322 1050 2369 edd.
1066 2332 1121 2369 aute
1134 2325 1199 2372 Cerr.
1216 2326 1254 2379 ll,
1272 2341 1318 2372 nec
1326 2325 1387 2372 aliter

321 2395 377 2440 cler.
392 2394 482 2439 llarles.
503 2417 533 2428 -
551 2405 587 2438 ιο.
606 2393 659 2438 Non
675 2407 730 2453 ergo
746 2393 809 2440 milti.
826 2396 915 2441 Bouou.
933 2395 986 2441 cod.
998 2399 1050 2444 Non
1067 2413 1110 2459 ego
1126 2399 1345 2446 raihtamma.
1360 2425 1385 2434 -

322 2469 359 2518 16.
372 2472 427 2517 lam
443 2466 544 2531 quando.
561 2467 651 2513 Bouou.
668 2467 724 2514 cod.
737 2468 782 2514 En.

317 2607 832 2679 gaudia,dilectumlasonem,respexit.
875 2612 1385 2686 lensemretraltorequilitmtuoctes,

357 2689 382 2742 5.
393 2690 499 2756 Contigit
508 2705 578 2756 tegra
587 2702 664 2750 toros,
674 2688 832 2755 thalamum,
875 2701 1007 2762 quotquot
1020 2704 1099 2757 eunt,
1114 2693 1210 2745 lubens
1225 2707 1297 2748 tauta
1310 2696 1384 2749 animi

320 2784 346 2821 et
354 2788 422 2820 mens
432 2769 535 2818 incensa
547 2769 660 2819 tenebris.
673 2768 713 2819 De
723 2785 831 2837 oxymo·
875 2769 1051 2824 inconstantia
1067 2772 1228 2843 transigam?
1243 2780 1301 2827 Nora
1323 2781 1383 2834 ltere,

319 2867 367 2915 ro,
376 2865 452 2919 spero
460 2886 468 2911 ,
477 2844 507 2897 h.
517 2845 535 2899 l.
545 2864 599 2898 uon
609 2846 831 2918 cogitarit-poeta,
875 2867 930 2901 nou
942 2849 980 2902 ita
993 2849 1111 2921 inquieta
1123 2851 1174 2904 luit
1183 2889 1191 2916 ,
1200 2872 1254 2905 nox
1264 2870 1327 2908 ante
1338 2870 1384 2906 neos

320 2942 481 3001 quanquam⁴
493 2923 580 2989 infra,
601 2945 626 2977 v.
650 2926 695 2995 73,
718 2928 831 2976 tenebras
876 2932 972 2990 veltres,
985 2941 1128 3001 autequam
1139 2940 1164 2982 te
1176 2934 1313 3003 conspexi.

310 3010 497 3076 flammasque,
515 3017 598 3073 et,v.
624 3005 693 3070 565,
716 3009 831 3056 ardentes
914 3008 1384 3076 ta.Quos(rultus)curtamdemem
1417 3029 1418 3052 t

319 3090 431 3139 tenebras
440 3086 594 3159 jungit3nil
603 3086 656 3138 nisi
667 3086 721 3139 hoc
734 3085 830 3139 voluit:
875 3090 961 3139 itemm
970 3091 1106 3154 iterumque
1116 3092 1251 3140 recordor?
1262 3109 1314 3143 cur
1326 3109 1386 3143 sem·
1417 3089 1418 3104 ¹

320 3184 368 3238 per
378 3166 511 3221 silentium
524 3166 626 3231 noctis,
639 3167 686 3219 ubi
698 3167 777 3219 rebus
788 3183 833 3217 ex·
876 3184 925 3237 per
940 3166 1024 3219 oculis
1040 3176 1169 3238 tanquam
1182 3180 1328 3238 presentes
1341 3170 1384 3221 ob·

320 3245 401 3299 ternis
420 3264 514 3299 seusus
530 3264 585 3298 non
605 3246 760 3311 turbantur,
779 3244 834 3296 ani·
876 3244 1034 3298 versantur?
1045 3249 1112 3313 Quid
1120 3249 1146 3297 in
1159 3249 1251 3313 hospite
1260 3254 1314 3301 solo
1322 3268 1384 3300 mers

320 3344 380 3377 mus
388 3323 496 3396 virginis
505 3325 587 3397 magis
597 3324 710 3379 intentus
720 3323 754 3376 ad
765 3342 833 3387 rem,
877 3326 953 3374 mitit
969 3322 1048 3376 Ovid.
1065 3324 1085 3375 l.
1097 3325 1116 3375 l.
1128 3343 1154 3377 v.
1170 3344 1200 3377 ar
1214 3331 1296 3394 :quil
1306 3333 1332 3380 in
1346 3332 1384 3379 lo·
1417 3317 1418 3364 l

318 3422 378 3476 que
388 3404 437 3475 ipsi
448 3422 518 3457 curn
529 3416 603 3457 esset.
877 3405 951 3470 spite,
961 3406 1031 3470 regia
1040 3406 1131 3473 virgo,
1147 3408 1249 3457 Uren'sr

356 3486 381 3536 6.
392 3490 491 3551 Vertere
497 3486 583 3535 varios
593 3475 703 3549 peetus,
713 3479 832 3545 variare,
911 3481 955 3534 35.
969 3487 1067 3533 Vellera
1080 3486 1189 3551 accipiat
1195 3523 1203 3545 ,
1218 3505 1274 3552 quoe
1283 3490 1383 3554 solape·

320 3581 376 3615 non
384 3581 440 3615 uno
452 3560 533 3614 modo
543 3579 633 3615 secum
642 3560 698 3632 ipsa
707 3558 790 3630 queri.
874 3563 917 3621 tit,
929 3581 1034 3629 querque
1043 3582 1095 3613 una
1109 3566 1220 3614 laborum
1233 3584 1312 3616 causa
1322 3568 1382 3616 vim.

356 3661 381 3712 7.
392 3648 446 3694 Nee
455 3655 599 3708 pereatque
609 3643 671 3691 scire
684 3643 765 3698 malo,
776 3653 833 3689 tan·
876 3641 935 3693 Non
949 3659 1009 3693 mea
1023 3658 1101 3693 causa
1116 3642 1171 3693 huc
1181 3644 1268 3709 venit,
1280 3643 1383 3697 formate

321 3722 505 3790 demquesateri
511 3718 702 3771 mantellos·
709 3716 832 3781 Ovidius,
875 3719 954 3791 plane
966 3720 1067 3771 nullam
1084 3720 1137 3771 mei
1151 3722 1281 3774 rationem
1290 3722 1382 3783 habet,

232 3802 238 3815 “
320 3819 401 3874 quem
419 3798 527 3852 omnino
546 3798 601 3851 huc
616 3798 739 3851 conferre
759 3797 833 3850 haud
875 3798 915 3851 nil
926 3817 969 3851 me
979 3811 1063 3852 curat.
1072 3798 1125 3851 Fac
1135 3818 1199 3852 vero
1208 3799 1382 3867 tremefieri

320 3879 471 3951 poenitebit,
486 3878 594 3929 Metam.
610 3876 831 3940 v11,12‚deea·
875 3889 964 3929 tumen
983 3896 1037 3931 non
1054 3889 1155 3949 potest,
1172 3892 1202 3930 ut
1217 3898 1335 3951 unquam
1352 3877 1382 3930 ad

321 3960 381 4011 dem
391 3956 661 4023 Medeazmirumque‚
673 3959 722 4007 nisi
729 3960 775 4007 hoc
784 3970 832 4014 est,
876 3955 1094 4022 nosredeat,vel
1108 3958 1381 4028 utpaterinThessa·
1416 3951 1417 4014 ζ

322 4044 375 4089 Aut
390 4040 487 4105 aliquid
501 4051 565 4089 certe
584 4039 661 4087 simile
677 4040 748 4097 ltuie,
764 4040 833 4103 quod
875 4036 938 4087 liam
948 4036 997 4088 iter
1005 4036 1139 4108 suscipiat.
1416 4055 1417 4078 1

320 4136 408 4170 amare
423 4129 535 4167 vocatur.
913 4117 952 4168 18.
963 4119 1053 4167 Felices
1071 4115 1253 4186 periculorum
1270 4121 1325 4190 ejus
1343 4135 1380 4167 co·
1416 4171 1417 4180 ,

358 4213 383 4262 9.
397 4202 450 4263 Quo
463 4196 498 4245 sie
508 4196 613 4263 pervigil
626 4214 702 4261 nsque
715 4197 769 4261 ipsa
785 4214 830 4245 vo·
873 4195 967 4261 mites,
987 4206 1035 4248 etc.
1054 4188 1088 4247 ln
1107 4195 1150 4247 his
1168 4195 1295 4250 omnibus
1311 4195 1380 4248 dissi·
1416 4185 1417 4256 l
