2859 4975
282 401 699 470 ARGONAUTICON
730 405 823 470 LIB.
843 404 953 469 VIII.
1093 405 1153 492 187

120 534 313 626 significans
322 582 331 616 ‚
341 535 407 615 jam
422 557 522 624 regna
538 537 637 625 Lyci5
658 537 821 624 totiesque
834 552 1020 626 gementem
1117 557 1155 594 21⁵

122 650 225 731 Fallit,
247 649 288 714 ad
302 649 491 714 Haemonios
506 651 657 715 hortatus
675 673 810 740 surgere
826 668 968 717 montes.

164 766 278 829 Insula
296 765 478 830 Sarmaticae
495 765 681 830 Peucestat
698 766 834 832 nomine
851 767 1021 856 nymphae,

124 881 253 943 Torvus
273 879 332 942 ubi
346 894 379 944 et
392 879 463 967 ripa
479 901 608 967 semper
625 878 822 944 metuendus
840 896 979 970 utraque

123 996 164 1057 In
182 995 265 1058 freta
280 1017 340 1082 per
357 1015 458 1059 saevos
475 995 557 1060 lster
573 994 744 1060 descendit
758 995 890 1061 Alanos.
956 1058 960 1064 ,
1030 1068 1033 1072 ,

123 1109 256 1174 Solvere
274 1109 314 1198 in¹
325 1108 391 1173 hoc
407 1108 539 1172 tandem
556 1108 680 1182 resides
697 1107 766 1172 dux
782 1109 879 1173 litore
893 1131 1006 1191 etuas,
1119 1141 1158 1169 nu

125 1224 171 1286 Ac
183 1223 332 1311 primurn
348 1224 455 1288 socios
471 1246 570 1288 ausus
587 1247 646 1288 sua
668 1239 762 1311 pacta
776 1222 914 1306 docere,
933 1276 943 1303 ,

126 1337 392 1425 Promissamque
410 1335 509 1402 fidem
527 1338 677 1421 thalami,
694 1337 868 1427 foedusque
883 1338 1002 1429 jugale.

125 1452 222 1516 Ultro
240 1473 355 1516 omnes
368 1451 432 1516 laeti
444 1451 600 1542 instigant
615 1453 831 1540 meritamque
847 1453 1001 1518 fatentur.

127 1571 201 1657 Ipse
216 1584 326 1652 autem
342 1568 450 1632 invitae
463 1567 530 1647 jam
544 1568 692 1632 Pallados
707 1569 803 1659 erigit
817 1592 905 1652 aras,

128 1682 248 1770 Incipit
263 1681 371 1746 Idaliae
389 1704 514 1745 numen
531 1705 591 1746 nec
608 1705 762 1771 spernere
778 1682 869 1747 dirae.

129 1799 361 1887 Praecipueque
375 1798 445 1881 sui,
471 1797 498 1860 si
517 1797 669 1885 quando,
686 1798 719 1860 in
739 1814 888 1886 tempore
903 1798 1041 1885 pulcher

129 1914 284 2003 Conjugii
301 1913 429 2002 Minyas
446 1936 628 2001 numquam
642 1910 744 2001 magis
756 1914 879 1976 eminet
894 1915 1001 1978 inter:

130 2029 244 2110 Qualis
263 2028 443 2118 sanguineo
458 2027 563 2092 victor
579 2027 742 2093 Gradivus
758 2027 800 2091 ab
817 2027 931 2093 Hebro

119 2271 172 2318 216.
190 2274 307 2318 Hortatur.
317 2247 408 2317 Bonon.
421 2270 475 2315 cod.
487 2271 552 2316 tunt.
564 2270 651 2315 Mater.
663 2268 717 2315 ald.
732 2270 834 2331 lingent.
850 2270 916 2317 can.
930 2295 962 2306 -
974 2285 1029 2332 219.
1040 2271 1162 2318 Alumrros.

91 2352 162 2400 Vatic·
174 2353 266 2400 Bonon.
277 2349 349 2397 codd.
362 2351 453 2397 Bonum
465 2351 476 2395 1
490 2351 558 2396 et11:
571 2351 637 2396 Juut.
653 2349 706 2395 Ald.
725 2351 826 2412 lingent.
839 2351 937 2397 Alanos.
956 2352 1043 2398 liner.
1060 2379 1092 2388 -
1107 2361 1163 2410 nat.

91 2434 150 2494 Ipsa.
164 2431 241 2480 Codd.
256 2440 280 2476 et
288 2429 344 2476 edd.
358 2428 472 2491 usquead
483 2429 563 2476 Heius.
576 2430 632 2491 Ipsa
642 2444 712 2474 nune.
724 2431 816 2476 Bonon.
828 2429 883 2476 eod.
900 2432 1016 2497 Innupta.
1029 2433 1123 2478 Botion·
1132 2433 1164 2478 11.

92 2538 120 2547 -
134 2512 188 2559 228.
202 2514 287 2560 Victor
296 2510 362 2557 abest
373 2525 387 2555 a
397 2508 450 2557 cod.
461 2508 537 2557 vatic.
551 2510 595 2556 Eo.

158 2605 172 2633 Ι

93 2738 248 2806 signficavit,
264 2734 292 2787 in
303 2753 334 2788 eo
348 2745 438 2788 tamen
454 2733 546 2788 fefellit
559 2753 605 2803 ge·
650 2748 681 2786 ta·
694 2746 801 2800 tamen,
817 2752 877 2806 quae
891 2735 1004 2805 innupta
1022 2735 1080 2805 ipsa
1098 2753 1167 2787 sem-

93 2830 209 2876 mentem,
222 2814 344 2880 tristem,
357 2826 387 2867 ut
400 2818 437 2865 od
448 2815 604 2874 Hemoniae,
649 2813 834 2886 perquerirgo
844 2826 871 2866 et
882 2814 997 2866 aliarum
1005 2814 1104 2886 nuptiis
1113 2833 1168 2867 uon
1240 2871 1242 2880 ,

94 2891 608 2966 Thessaliae,rnontesconspiciendossur
650 2892 944 2961 favebat(Bononieusi
954 2892 1066 2946 editioni
1074 2892 1170 2958 adscri-
1228 2919 1230 2922 ·

91 2993 147 3041 gere
162 2974 321 3047 vultumque
333 2973 452 3026 attollere
463 2977 607 3026 hortarere.
651 2985 728 3044 ptum
741 2972 792 3025 fuit
800 2976 924 3043 innupte,
933 2972 1006 3045 quod
1015 2975 1095 3026 invitae
1104 2991 1168 3043 pre·
1181 2978 1185 2982 ’

94 3052 217 3105 —Haud
232 3053 287 3106 scio
303 3073 338 3105 an
351 3053 461 3125 puerilis
472 3052 517 3105 ille
530 3050 609 3104 dolus
652 3051 791 3119 tulerim),
804 3050 899 3124 incipit
915 3055 1006 3104 Idalia
1025 3056 1103 3111 dive,
1117 3052 1169 3104 Ve-

70 3160 72 3165 ·
95 3132 173 3203 epicte
185 3132 309 3203 dignitati
323 3134 384 3185 satis
398 3132 545 3187 conveniat
557 3132 608 3184 Eo.
653 3132 724 3183 neris
735 3168 744 3193 ,
754 3150 804 3182 non
814 3150 940 3199 spernere,
954 3131 1058 3196 colere,
1069 3149 1170 3181 nurnen.

130 3212 292 3283 217.Exhis
308 3213 389 3285 igitur
403 3212 522 3266 Asiaticis
535 3212 611 3264 Ponti
692 3213 752 3263 226.
774 3210 872 3264 Sensus
889 3210 990 3272 facilis,
1010 3210 1125 3261 sirecte
1144 3208 1172 3260 in
1207 3232 1210 3235 ⁴

95 3291 379 3364 Euxinilitoribusjam
388 3311 485 3345 navem
494 3290 612 3362 dirigunt
654 3283 777 3342 o'rdinem
796 3290 875 3342 verba
899 3306 994 3360 cogas:
1012 3289 1041 3341 Si
1064 3286 1174 3361 quando

96 3370 231 3442 Europam
249 3390 338 3424 versus
355 3372 471 3442 Istrique
489 3371 566 3423 ostiu.
655 3370 737 3422 lason
746 3368 814 3421 inter
824 3379 932 3422 ceteros
940 3369 1108 3439 Argonautas
1115 3368 1174 3439 pul-

130 3471 192 3504 πο.
205 3454 305 3503 Resides
320 3467 408 3512 curas,
419 3449 538 3504 residuas
552 3461 613 3521 post
656 3446 810 3503 chritudine
829 3447 957 3509 eminuit,
977 3448 1111 3520 precipue
1132 3458 1172 3499 ta·

96 3543 148 3582 tam
160 3530 265 3583 felicem
275 3550 291 3582 e
304 3530 432 3583 Colchide
441 3530 533 3601 sugam
544 3567 551 3593 ,
564 3533 614 3580 soi·
656 3547 736 3594 men,
751 3546 892 3599 nunquam
901 3526 985 3597 magis
995 3563 1003 3590 ‚
1013 3546 1095 3599 quam
1108 3540 1174 3581 tem·

96 3630 166 3671 rere,
188 3628 220 3663 ac
240 3608 358 3681 primum
373 3628 452 3663 ausus
472 3622 511 3663 est
527 3608 614 3661 celata
657 3626 723 3680 pore
733 3607 846 3660 eminuit
859 3606 975 3679 conjugii
989 3606 1039 3659 sui.

96 3702 172 3742 autea
182 3709 229 3740 sua
234 3702 327 3757 pocta,
338 3688 456 3761 conjugii
467 3687 548 3741 fidem
557 3686 613 3739 Me·
629 3690 631 3697 ⁴
695 3687 754 3739 228.
762 3686 824 3739 Non
830 3704 906 3739 secus
915 3704 946 3739 ac
954 3686 1176 3754 Gradivus,Mars,

97 3768 150 3821 deae
171 3766 279 3832 datam,
302 3772 391 3820 docere
411 3770 501 3829 socios,
521 3766 568 3839 qui
587 3777 614 3818 et
642 3769 690 3816 -ab
707 3768 787 3818 Hebro
808 3768 958 3833 sanguineo,
981 3784 1013 3818 ex
1031 3765 1143 3837 preliis,
1162 3784 1178 3817 e

97 3847 148 3901 leti
163 3847 305 3913 audivere,
320 3848 613 3916 meritamquefatentur.
658 3844 793 3908 Thracia,
812 3844 857 3896 ubi
873 3844 960 3897 cultus
980 3844 1104 3916 inprimis
1126 3842 1177 3897 do·

133 3934 260 3993 aad-242.
270 3929 326 3981 Nec
333 3947 407 3981 mora
415 3966 423 3991 ,
431 3939 559 4001 parantur
566 3946 615 3980 nu·
658 3923 790 3977 micilium
799 3924 900 3998 haltere
909 3923 1078 3987 credebatur,
1091 3925 1181 3983 victor,

99 4007 169 4077 pue.
180 4012 238 4075 Ipse
244 4007 450 4060 lasonPaIIados
460 4010 535 4075 erigit
542 4026 610 4066 aras,
652 4006 739 4074 furto,
756 4004 863 4067 furtim,
881 4003 975 4075 ignaro
988 4002 1128 4068 Vulcano,
1142 4001 1179 4055 ad

100 4087 195 4155 gratias
206 4086 316 4157 quidem
335 4087 391 4158 agit
404 4105 477 4139 sacra
489 4086 617 4139 Minervas
661 4084 797 4137 Venerem
811 4082 872 4137 risit
880 4101 959 4149 ,mox
978 4085 1041 4133 subit
1055 4085 1177 4141 Idalium,

101 4163 222 4218 faciendo
232 4202 240 4229 ,
251 4166 296 4219 cui
306 4177 412 4219 tantum
421 4163 546 4232 deberet,
558 4166 619 4217 invi·
662 4175 782 4216 montem
792 4163 890 4236 Cypri,
903 4181 965 4215 mox
974 4163 1078 4222 dilecta,
1089 4158 1179 4220 Marti,
