2859 4975
291 383 354 448 388
650 429 652 436 ·
681 380 972 457 CATALOGUS

291 511 439 599 hyginus
457 526 567 590 notat,
582 506 740 596 quosdam
755 508 947 590 credidisse,
959 507 1095 596 Iphitum
1113 507 1247 608 Hhtppsi
1259 506 1352 588 lilium

291 615 407 698 fuisse,
427 631 459 678 et
476 638 514 679 ex
531 615 761 700 Peloponneso
774 615 910 677 venisse.
930 615 979 676 lta
1002 628 1086 676 esset
1104 613 1203 677 frater
1218 614 1350 692 Actoris,

290 720 330 782 de
354 743 421 806 quo
445 717 519 783 vide
537 739 653 807 supra;
674 742 746 805 quae
765 720 875 782 omnia
893 719 979 782 inter
994 741 1029 782 se
1044 718 1215 782 conciliare
1232 740 1299 780 non
1313 734 1355 780 est

290 825 361 912 opis
376 841 505 888 nostrae.
519 823 598 886 Filia
610 823 710 910 Iphiti
723 823 905 907 Eurynome
916 822 1047 903 dieitur,
1056 845 1097 886 ex
1109 846 1174 910 qua
1183 823 1354 899 Adrastus,

289 927 363 991 vide
381 928 513 990 infra-in
534 928 648 991 Talao.
659 928 763 991 ,Alius
781 943 829 990 est
844 928 966 1017 Iphitus
983 928 1113 1016 Euryti,
1127 927 1292 990 OEchaliae
1309 944 1367 990 re-'

289 1036 354 1126 gis,
373 1033 473 1114 filius,
494 1035 591 1097 frater
606 1035 704 1115 Ioles,
722 1033 810 1121 apud
827 1033 976 1120 Apollod.
993 1033 1117 1114 lib.11,
1144 1055 1211 1120 cap.
1227 1034 1271 1113 6,
1292 1044 1307 1108 §
1325 1058 1353 1110 1,
1415 1058 1416 1063 ¹

289 1163 388 1230 quem
404 1139 626 1228 Argonauticis
638 1139 734 1200 etiam
747 1137 940 1201 adnumerat
948 1138 1098 1226 Hyginus
1107 1156 1141 1200 et
1151 1139 1354 1225 Apollonius,

288 1247 346 1308 lib.
364 1247 394 1322 l,
413 1246 469 1326 863
492 1244 566 1308 vide
587 1245 621 1306 in
645 1244 746 1328 Clytio
769 1260 802 1306 et
823 1245 962 1326 Euryto,
986 1244 1044 1307 ubi
1059 1244 1207 1331 pluribus
1234 1243 1279 1308 de
1301 1245 1355 1323 illis

289 1353 425 1440 egimus.
454 1353 550 1414 Hunc
572 1349 709 1438 Iphitum
735 1351 776 1428 ab
803 1349 943 1413 Hercule
968 1373 986 1411 e
1011 1366 1100 1413 turre
1126 1349 1355 1437 praecipitatum

289 1474 397 1520 narrat
420 1456 584 1519 Diodorus
608 1455 757 1535 Siculus,
781 1454 838 1517 lib.
854 1454 910 1535 IV,
936 1477 1007 1542 pag.
1024 1454 1103 1533 1653
1130 1477 1227 1541 quem
1251 1471 1355 1518 tamen

289 1563 441 1652 effugisse
465 1562 498 1622 in
518 1559 674 1622 Euboeam
695 1559 888 1622 scholiastes
912 1559 1081 1646 Sophoclis
1101 1559 1143 1622 ad
1161 1561 1280 1625 Traeh.
1298 1559 1355 1624 355

288 1667 435 1731 affirmat.
453 1667 575 1730 Arcum
589 1665 701 1753 Iphiti,
720 1687 820 1751 quem
840 1665 995 1728 Hercules
1008 1665 1070 1751 ipsi
1086 1664 1231 1747 abstuht,
1245 1683 1280 1729 et
1295 1689 1356 1752 quo

289 1789 398 1862 postea
416 1774 448 1834 in
469 1770 580 1832 furore
596 1769 717 1832 abusus
737 1787 802 1849 est,
827 1770 967 1832 celebrat
978 1770 1150 1832 Anacreon
1163 1792 1261 1833 versu
1281 1776 1354 1849 4²¹3

196 1909 197 1914 ¹
289 1877 346 1939 uhi
361 1875 434 1939 vide
447 1873 646 1936 barnesium.
1413 1874 1414 1885 ¹

331 2125 473 2206 IPHYS,
487 2125 537 2188 vel
548 2123 657 2212 potius
672 2124 773 2214 Iphis,
792 2125 851 2188 soli
863 2125 992 2189 Valerio
1005 2127 1138 2207 Flacco,
1156 2126 1212 2192 lib.
1227 2129 1261 2205 l,
1285 2128 1355 2207 hir,
1411 2100 1415 2175 l

288 2249 506 2312 memoratus,
520 2231 577 2294 ubi
601 2229 780 2294 admodum
801 2231 926 2294 laborat
945 2232 1023 2295 Pius
1041 2248 1073 2296 et
1095 2232 1165 2313 alii,
1187 2233 1265 2318 qnia
1283 2234 1356 2296 olim
1413 2242 1414 2249 ’

289 2338 410 2426 Iphitus
434 2335 479 2399 ibi
501 2337 669 2425 legebatur
687 2359 747 2423 pro
766 2333 840 2424 Iphi
862 2339 941 2415 tuis,
965 2355 1026 2400 etc.
1048 2338 1112 2402 Alii
1132 2338 1354 2417 contendunt,
1412 2332 1413 2343 ¹

204 2459 206 2474 ⁸
288 2441 442 2507 eumdem
457 2464 543 2523 esse,
567 2443 624 2529 qui
644 2441 780 2529 Tl'ph7·s‚·
798 2464 880 2528 quos
902 2459 989 2507 recte
1008 2444 1123 2507 refellit
1138 2442 1235 2527 Pius,
1252 2461 1285 2509 et
1301 2445 1356 2508 ab·

288 2548 386 2613 surde
402 2549 549 2627 Flaccus,
570 2570 673 2635 quum
692 2547 815 2635 Tiphys
833 2548 1032 2634 gubernator
1048 2549 1165 2630 fuerit,
1191 2550 1281 2614 etad
1295 2552 1355 2614 cla·
1412 2531 1414 2604 Ῐ

286 2678 364 2717 vum
382 2652 519 2734 sederit,
539 2650 709 2732 scriberet,
729 2652 797 2731 ejus
824 2669 927 2716 morte
950 2659 1077 2718 remum
1102 2677 1251 2718 cessasse.
1274 2656 1356 2718 Prae·

233 2762 236 2769 ’
286 2778 372 2823 terea
390 2758 513 2847 Tiphys
531 2774 681 2821 mortuus
702 2759 802 2821 estin
821 2759 1058 2847 Maryandinis,
1086 2777 1125 2824 ut
1140 2762 1208 2848 ipse
1219 2761 1291 2825 Val.
1310 2762 1355 2823 Fl.

246 2888 250 2895 ’
287 2865 342 2929 lib.
358 2866 402 2928 IV
417 2880 588 2944 memorat,
604 2864 705 2951 lphys
723 2886 800 2926 vero
816 2862 950 2927 demum
967 2865 1001 2927 in
1019 2865 1190 2947 Colchide,
1210 2866 1267 2930 lib.
1282 2867 1355 2946 Vll,

287 2968 448 3053 4233ubi
466 2969 540 3033 vide
558 2970 658 3032 Pii'et
673 2968 806 3033 Maserii
819 2987 929 3050 notas,
942 2986 974 3033 et
988 2969 1030 3033 ad
1045 2970 1099 3034 lib.
1111 2971 1172 3051 VI,
1187 2971 1271 3048 638,
1288 2994 1356 3059 quae

287 3077 488 3163 notavimus,
513 3076 696 3157 etBalbum
713 3076 755 3139 ad
774 3076 829 3139 lib.
842 3080 857 3141 1
870 3126 879 3159 ,
894 3101 974 3163 7213
989 3100 1088 3163 quare
1106 3101 1145 3140 ex
1159 3080 1226 3166 ipsa
1240 3079 1355 3142 Valerii

154 3264 158 3270 .
285 3183 447 3248 sententia
461 3181 581 3245 diversi
597 3199 686 3246 sunt.
704 3183 861 3247 Alectoris
877 3183 977 3248 fuisse
993 3182 1112 3265 filium,
1128 3207 1166 3246 ex
1180 3185 1355 3261 Pausania,
1411 3177 1414 3190 ’

287 3293 415 3380 lphy¹¹‚
441 3291 499 3379 qui
517 3291 671 3355 Sthenelo
689 3292 830 3384 Capanei
845 3293 951 3355 haeris
973 3294 1023 3355 sui
1043 3291 1110 3356 filio
1127 3316 1265 3383 regnum
1281 3293 1355 3356 reli·

287 3399 368 3485 quit,
388 3413 479 3461 notat
495 3395 652 3459 Maserius
669 3395 709 3458 ad
723 3396 780 3459 lib.
795 3398 828 3477 I,
840 3399 917 3479 4413
932 3398 1006 3459 licet
1021 3398 1120 3460 alium
1135 3398 1235 3461 fuisse
1251 3398 1355 3476 addat,

287 3526 320 3567 se
340 3520 471 3591 putare,
496 3500 568 3565 vide
584 3503 667 3564 infra
683 3503 715 3564 in
733 3502 828 3565 Leito.

333 3722 524 3799 leTlON,
545 3742 584 3783 ex
608 3720 690 3783 urbe
720 3718 895 3800 Cerinth0,
919 3719 979 3783 soli
1005 3720 1136 3808 Hygino
1159 3738 1277 3801 110tus;
1300 3720 1355 3785 sed
1412 3739 1416 3770 ¹

288 3850 391 3917 quum
408 3828 500 3891 locus
522 3826 574 3889 ille
592 3828 706 3913 procul
725 3825 827 3889 dubio
846 3827 887 3890 sit
901 3840 1093 3914 corruptus,
1115 3850 1223 3914 neque
1244 3828 1277 3891 id
1295 3852 1355 3889 no·

288 3956 363 3999 men
380 3933 513 3997 obvium
526 3933 564 4003 'in
587 3933 704 3995 saeculo
726 3932 780 3995 illo
804 3930 966 4013 fabuloso,
989 3931 1170 3995 verisimilis
1187 3932 1355 3996 Munclreri

287 4040 489 4118 conjectura,
510 4037 565 4099 illo
588 4037 661 4100 loeo
687 4036 844 4101 Canthum
870 4038 969 4101 fuisse
994 4054 1228 4118 memoratum,
1244 4037 1299 4125 qni
1314 4036 1355 4099 ad

287 4144 384 4209 finem
399 4141 511 4229 capitis
528 4141 678 4205 Cerieutis
691 4141 775 4205 filius
790 4141 919 4207 dicitur.
936 4141 1106 4229 Quidquid
1119 4142 1171 4223 sit,
1183 4143 1263 4206 nihil
1276 4142 1356 4205 deli·
