2859 4975
413 481 823 546 ARGONAUTARUM.
1091 486 1152 572 371

91 631 214 671 versum
232 630 285 693 77,
307 603 463 692 Neptuno
479 627 518 668 ex
535 605 668 690 Europa
694 603 774 666 dicit
791 619 923 679 natum,
941 607 975 667 in
995 606 1074 694 ripis
1094 611 1158 672 Ce-

92 713 172 802 phisi
188 711 292 794 lluvii3
309 711 351 774 ad
369 733 451 772 vers.
469 708 506 773 15
527 726 560 773 et
579 709 619 794 39
636 708 724 772 idem
741 709 934 773 scholiastes
950 710 1029 803 dicit
1043 731 1156 778 natum

93 844 129 884 ex
141 821 328 900 Meciom'ce,
349 819 479 881 Eurotae
497 815 577 898 lilia,
597 816 727 880 duxisse
744 840 822 880 vero
839 840 973 882 uxorem
985 821 1156 886 Alcmenes

93 926 184 1004 filiam
202 929 412 1005 Laonomen,
430 940 463 988 et
481 946 520 988 ex
539 924 594 987 illo
618 923 792 1010 septimum
812 923 976 988 decimum
993 949 1063 990 esse
1076 928 1158 992 Bat-

92 1045 170 1112 tum,
190 1033 256 1096 sive
274 1029 493 1108 Aristotelem,
522 1029 579 1116 qui
606 1026 754 1092 condidit
776 1031 936 1115 Cyrenen.
955 1031 1008 1096 Ad
1028 1055 1159 1097 versum

94 1155 197 1200 tamen
216 1134 291 1218 455,
307 1135 401 1216 dicit,
416 1134 615 1222 Euphemiam
631 1133 664 1196 in
682 1135 806 1197 Lemno
824 1134 940 1198 coiisse
955 1159 1032 1198 cum
1049 1138 1124 1211 Mal
1144 1175 1160 1189 ·

93 1243 163 1322 cte,
180 1259 212 1306 et
225 1240 302 1305 inde
317 1256 430 1304 natum
446 1239 682 1326 Leucophanem
690 1287 700 1318 ‚
724 1237 813 1302 unde
829 1242 1010 1319 Aristoteles
1024 1242 1161 1308 deseen-

94 1347 156 1429 dit,
171 1347 363 1436 progenitor
376 1344 528 1409 Arcesilai
543 1343 706 1433 Cyrenaei,
721 1344 755 1407 in
773 1343 866 1423 cujus
879 1344 990 1408 laudes
1001 1347 1162 1435 hymnum
1193 1357 1198 1380 ¹

95 1451 180 1517 illurn
202 1452 321 1518 cecinit
345 1449 521 1530 Pindarus,
550 1467 584 1514 et
609 1448 653 1517 ibi
680 1449 789 1537 plures
811 1451 992 1536 Euphemes
1016 1473 1164 1518 recenset

96 1560 294 1624 Scholiaste's.
313 1558 421 1622 Tzetz.
440 1553 481 1618 ad
499 1555 660 1643 Lycophr.
678 1555 769 1619 Alex·
785 1576 831 1651 rs.
852 1555 928 1642 887,
947 1558 1042 1620 etiam
1061 1559 1162 1624 filiurn

95 1666 293 1741 Merioniees,
313 1662 378 1726 sive
394 1661 530 1724 Doridos
551 1659 606 1746 (ita
624 1659 711 1722 enim
728 1659 789 1722 viri
805 1660 894 1724 docti
912 1663 1088 1727 emendant
1105 1689 1164 1752 pro

99 1768 221 1856 Oridos)
240 1767 311 1834 filiae
328 1767 476 1846 Eurotae,
492 1763 587 1844 lacit,
603 1779 636 1826 et
652 1763 763 1828 eadem
782 1765 868 1847 fere,
882 1789 955 1852 quae
971 1767 1164 1834 Scholiastes

97 1873 223 1938 Pindari
241 1887 367 1952 namot,
386 1868 510 1934 videet
527 1867 575 1932 Jo.
596 1870 704 1938 Tzetz.
722 1869 858 1932 Chiliad.
876 1871 1003 1953 11‚43,
1031 1873 1089 1935 ubi
1108 1877 1166 1937 tri·

97 1980 208 2067 plicem
235 1993 369 2046 matrem
393 1975 548 2060 Europen
570 1989 602 2037 et
625 1974 813 2037 Mecenicen
839 1973 935 2038 filiam
957 1978 1108 2060 Orionis,
1134 1996 1167 2042 et

98 2083 190 2148 Orida
207 2082 366 2172 agnoscit.
384 2081 442 2144 Illa
460 2080 531 2145 Oris
547 2103 622 2143 vero
637 2079 804 2168 incognita
819 2080 1083 2170 Mythographis,
1098 2086 1166 2148 Ne·
1214 2068 1217 2076 ¹

98 2191 186 2276 ptuni
202 2189 256 2253 vel
271 2210 356 2251 uxor
370 2187 419 2250 vel
434 2185 554 2276 amica,
570 2201 680 2272 posset
693 2185 779 2250 forte
795 2207 864 2248 csse
882 2185 947 2249 filia
961 2188 1035 2268 Ori,
1048 2213 1121 2276 quae
1135 2207 1168 2253 et

99 2296 162 2360 Leis
181 2294 324 2375 dicitur,
343 2314 462 2378 exque
481 2291 655 2377 Neptunus
676 2291 770 2353 etiam
789 2289 972 2379 Althepiam
989 2295 1168 2382 suscepisse

99 2401 214 2466 dicitur
231 2400 415 2478 Pausaniae,
431 2397 486 2460 lib.
500 2397 544 2476 ll,
559 2393 829 2482 303in'Apollonii
847 2397 1062 2481 editionibus,
1075 2401 1129 2464 lib.
1141 2404 1167 2482 l,

100 2532 142 2573 vs.
165 2499 245 2596 1¹79,
265 2508 384 2595 legitur
401 2506 516 2592 vulgo,

215 2685 334 2753 Ταίναρον
352 2676 408 2733 αὖτ’
420 2681 460 2733 iai
476 2682 538 2733 τοῖσι
552 2680 628 2731 λιπὼν
646 2682 791 2749 Πολύφημος
804 2683 883 2733 iners·

103 2859 153 2921 ubi
176 2874 282 2937 certe,
301 2874 338 2921 ut
358 2857 422 2935 jam
446 2854 627 2918 observavit
650 2854 778 2917 Simson
803 2855 836 2918 in
861 2855 1169 2941 Chronico,ttssps;

103 2962 273 3051 legendum
291 2984 360 3025 esse
377 2977 523 3042 constat,
544 2960 621 3047 quia
644 2958 685 3021 de
707 2961 773 3023 hoc
794 2961 983 3048 Argonauta
1009 2964 1054 3026 ibi
1076 2990 1170 3055 agere

103 3085 223 3132 certum
239 3084 307 3131 est:
328 3090 403 3129 nam
418 3082 450 3129 et
464 3064 666 3152 Polyphemi,
692 3065 774 3127 Elati
797 3064 868 3148 filii,
889 3067 953 3146 jani
979 3071 1171 3135 meminerat

104 3196 194 3238 versu
208 3180 261 3253 40.
281 3174 388 3254 Quam
406 3170 614 3260 indiligenter
632 3191 710 3232 vero
733 3170 920 3234 Hoelzlinus
944 3174 978 3235 in
999 3180 1171 3264 Argonaua

105 3280 171 3342 ticis
195 3294 341 3344 versatus
363 3277 478 3358 fuerit,
503 3293 588 3340 notae
610 3275 678 3356 ejus
702 3274 744 3339 ad
769 3276 858 3338 huuc
880 3278 990 3341 locum
1010 3282 1171 3367 probant:

106 3408 204 3472 quum
222 3386 310 3451 enim
325 3385 521 3472 Euphemiam
539 3384 579 3447 ab
595 3382 664 3446 aliis
682 3382 745 3447 dici
762 3382 966 3465 adnotasset,
986 3384 1095 3463 addit,
1116 3390 1173 3451 Or·

107 3492 184 3577 pltea
201 3514 279 3555 eum
298 3515 339 3554 ne
358 3491 490 3553 nomine
508 3488 641 3578 quidem
659 3490 806 3567 novisse,
825 3512 926 3574 quum
944 3489 1088 3553 disertim
1104 3493 1172 3569 ejus

108 3598 304 3661 mentionem
324 3595 417 3659 faciat
435 3618 482 3658 vs.
502 3617 561 3657 102
577 3618 583 3657 :

382 3766 522 3836 Ταιναριῶς
539 3761 566 3815 d'
579 3766 690 3835 Εὔφημος
708 3764 752 3821 tes
761 3800 770 3827 ,
786 3769 839 3813 ele.

44 3998 45 4003 ,
111 3932 168 3997 Sed
187 3934 283 3998 video
307 3932 388 4021 qnid
410 3933 557 3996 fefellerit
579 3933 685 3995 virum
711 3933 845 3996 minime
866 3934 1006 3998 malum:
1023 3936 1176 4025 neglectis

112 4038 225 4103 Graecis
241 4039 365 4127 Orphei
381 4038 505 4118 verbis,
523 4038 674 4101 Latinum
694 4037 904 4125 interpretem
921 4024 1107 4120 consuluit,¹
1120 4044 1176 4129 qui

113 4166 209 4229 quum
228 4156 351 4226 εὔφημος,
375 4144 465 4207 litera
482 4144 584 4230 prima
606 4143 725 4205 minori
744 4144 920 4229 scriptum,
944 4147 1177 4237 deprehendis-

114 4268 173 4331 set,
187 4252 297 4331 vertit,

997 4346 1048 4417 24.
