2859 4975
273 409 340 500 316
494 486 505 502 ,
720 411 910 520 otmunt

363 541 541 630 Postquam
556 544 662 633 Argus
675 564 791 608 rocem
803 566 878 608 vera
891 541 1044 608 audivere
1056 542 1243 630 loquentis,

318 655 504 722 Consedere
521 657 576 723 citi
591 659 626 721 iu
642 659 809 741 transtris,
825 680 1000 748 remosque
1016 659 1132 722 tulere.

319 775 363 836 At
379 772 481 836 multa
498 773 635 836 Ancaeus
654 787 821 838 temonem
840 771 952 864 dirigit
966 790 1050 854 arte,

321 887 497 974 lnsulaque
513 902 589 951 ante
607 909 723 951 omnes
739 887 880 952 olferurr
895 886 1019 968 leruis,
1035 903 1069 950 et
1087 889 1177 974 Argo
1305 918 1351 955 uro

322 1001 512 1090 Insequitur
528 1019 677 1067 metuens
693 1019 796 1067 atram
814 1025 883 1068 uon
895 1004 1000 1067 ‘stulta
1013 1002 1211 1091 procellam,

321 1116 466 1204 Velaque
481 1116 693 1206 franguntur3
712 1117 816 1182 currit
830 1134 940 1184 tamen
958 1117 1011 1182 illa
1026 1138 1216 1205 persequor

320 1235 446 1317 Anxia3
463 1236 553 1300 nulla
569 1236 687 1300 iterum
702 1236 853 1326 ‘fugiendi
872 1236 1015 1324 denique
1030 1235 1087 1298 leti

322 1350 404 1438 Spes
422 1366 509 1432 erat,
528 1365 561 1415 et
577 1349 731 1415 duodena
746 1350 815 1416 dies
827 1352 894 1432 jam
911 1349 1065 1431 fluxerat,
1083 1371 1122 1413 ex
1139 1371 1209 1436 quo

321 1464 430 1553 lgnari
447 1462 599 1528 vehimur
616 1465 738 1553 quibus
754 1486 936 1530 erraremus
952 1464 987 1528 in
1003 1464 1080 1529 oris.
1306 1473 1352 1523 ¹1⁷⁵
1410 1542 1411 1549 ἵ

322 1577 386 1644 Sed
399 1596 509 1644 tamen
526 1580 649 1644 Oceani
660 1583 813 1644 'extremo
830 1602 892 1644 nos
909 1579 1055 1668 margine
1071 1576 1148 1641 ferri
1410 1560 1412 1647 l

323 1694 491 1784 cognorat
504 1694 671 1783 Lynceus,
692 1709 866 1783 conspecta
883 1716 1017 1783 quoque
1033 1693 1163 1756 eminus
1178 1670 1226 1755 illi

321 1809 433 1874 Insula
448 1808 635 1874 Pcuceessa.
653 1809 781 1875 Cereris
797 1809 914 1899 regalia
930 1825 1010 1873 suut
1026 1808 1081 1872 hie

321 1921 437 2010 Ampla
455 1920 542 2004 deae,
559 1938 591 1988 et
604 1923 709 1987 nubes
726 1923 795 1988 haec
807 1922 1006 1988 circumfusa
1023 1937 1178 2001 coronat,

324 2039 495 2120 Quorum,
512 2061 730 2127 quaecumque
746 2056 813 2121 est,
830 2061 870 2104 ex
887 2061 939 2103 mc
951 2039 1013 2102 tibi
1029 2038 1138 2102 fabula
1153 2050 1292 2115 constat,
1307 2059 1350 2096 uu

217 2184 223 2197 ·
322 2153 554 2243 Persephonen
570 2156 656 2220 soliti
672 2173 711 2220 ut
725 2171 870 2222 teneram
887 2156 967 2221 dum
984 2153 1095 2219 sedula
1110 2152 1206 2217 flores

323 2269 455 2358 Colligit
471 2269 505 2332 in
522 2271 643 2358 magno
658 2270 805 2360 germani
823 2271 933 2334 fallere
950 2266 1042 2350 luco,

321 2382 458 2472 Navigio
475 2387 588 2448 vectus
605 2382 663 2447 sed
680 2383 772 2471 equis
790 2383 848 2448 ubi
865 2383 957 2448 frena
971 2382 1099 2465 jubosis

323 2501 522 2587 Imponens,
538 2499 619 2564 vidit
634 2500 809 2565 Parcarum
828 2500 949 2565 foedere
967 2500 1065 2564 Pluto

329 2612 370 2675 vi
389 2611 521 2679 flentem
538 2613 662 2703 rapuit,
677 2614 840 2701 traxitque
857 2614 995 2678 Atlantis
1013 2612 1049 2677 in
1065 2632 1188 2701 aequor.
1308 2620 1349 2659 ¹¹⁸⁵

371 2727 470 2795 Nunc
489 2728 697 2819 desperatum
716 2744 765 2793 est
783 2751 844 2794 uos
862 2751 959 2817 posse
972 2744 1082 2817 optata
1098 2743 1210 2792 tenere

322 2846 451 2924 Litora,
470 2830 537 2912 sive
554 2848 638 2911 ullos
655 2845 803 2935 contingi
818 2846 873 2910 hic
890 2844 1033 2934 denique
1049 2844 1154 2925 lines,

324 2960 379 3026 Ad
396 2984 469 3051 quae
486 2985 556 3027 non
572 2962 645 3027 ullae
661 2976 795 3025 vertunt
813 2983 873 3027 sua
887 2961 988 3025 lintea
1009 2982 1148 3049 puppes.

323 3078 408 3143 Nam
427 3099 535 3165 neque
556 3076 664 3139 clausa
680 3076 773 3164 palus
788 3090 929 3164 pontum
943 3071 1151 3139 venientibus
1168 3072 1283 3151 offert,

323 3194 388 3262 Sed
403 3191 529 3283 scopuli
546 3191 682 3272 circum,
699 3204 915 3279 porrectaque
932 3210 1006 3253 saxa
1025 3188 1178 3252 feruutur
1308 3211 1348 3250 uu

323 3318 363 3381 ln
379 3311 534 3401 pelagus,
551 3322 685 3396 generat
702 3304 822 3369 fluctus
838 3302 1059 3393 pulcherrima
1078 3302 1177 3369 dona.

325 3436 367 3495 At
383 3450 451 3492 uon
466 3426 623 3490 Aucaeum
641 3438 803 3487 rectorem
816 3419 936 3509 puppis
951 3416 1086 3485 aduucoe

327 3547 406 3635 Spes
423 3563 482 3606 sua
498 3539 663 3620 destituit,
685 3537 809 3601 circum
833 3534 892 3601 sed
907 3533 1098 3601 obambulat
1114 3556 1242 3617 errans,

329 3661 428 3726 Nunc
446 3656 531 3720 latus
543 3654 583 3718 'iu
599 3654 717 3718 laevum
733 3650 818 3715 llexo
833 3665 983 3732 temone,
998 3670 1060 3714 nec
1076 3648 1142 3713 illic

329 3774 408 3841 Viso
425 3771 531 3855 aditu,
544 3771 579 3834 in
593 3767 741 3834 dextram
757 3766 873 3831 direxit
887 3765 986 3830 lintea
999 3780 1135 3854 partem.
1308 3781 1349 3834 ,ιφ

372 3887 482 3953 Tertia
498 3887 555 3950 lux
570 3883 702 3948 taudem
717 3880 869 3971 perduxit
879 3880 914 3945 iu
933 3878 1014 3945 atria
1031 3878 1141 3944 Circes

329 4009 460 4087 Lintea,
478 3991 616 4089 tumque
631 4000 695 4064 loci
712 4013 823 4088 petere
838 3996 994 4063 interiora
1008 3994 1175 4077 jubemus.

329 4124 399 4189 Nos
416 4140 570 4210 quoque,
594 4137 653 4180 nos
669 4116 743 4181 laeto
757 4114 822 4194 jam
837 4114 932 4179 litora
948 4112 1114 4201 poscimus
1133 4133 1233 4192 ausu,
