2859 4975
290 389 332 492 98
597 386 632 448 C.
659 384 859 450 VALEllll
886 387 1060 452 FLACGI

334 521 412 584 Esse
424 499 537 606 putem
549 540 558 597 3
571 516 646 580 ratis
657 515 799 580 infandis
811 539 894 603 quos
902 520 976 582 sola
987 513 1125 607 rapinis,
1139 571 1143 578 ,

334 636 487 721 Saeraque
498 632 599 720 pascit
610 631 715 694 hiems
727 630 741 694 Ρ
753 647 786 695 et
797 655 881 719 quos
891 681 901 713 ,
913 629 1084 698 credimus
1098 651 1135 698 ut
1147 635 1242 722 ipsis,

334 755 400 816 Rex
414 773 493 815 suus
505 748 592 812 illisit
603 748 736 836 pelago,
749 750 918 837 vetuitque
928 751 1067 814 reverti?

335 867 462 933 Scilicet
473 863 586 928 AEoliae
598 861 734 951 pecudis
745 878 915 950 poteretur
925 879 962 928 ut
972 887 1071 944 auro,

334 986 418 1047 Ante
429 999 521 1042 meus
534 997 614 1040 caesa
625 975 793 1040 descendit
806 976 970 1040 Caucasus
983 977 1117 1059 umbra,
1338 1009 1362 1044 55

335 1098 380 1160 Ac
390 1093 482 1182 prior
492 1090 677 1155 Haemonias
688 1090 797 1178 rapuit
808 1113 907 1179 super
918 1114 1050 1179 aequora
1061 1093 1204 1181 praedas?
1243 1133 1249 1144 ·

335 1213 403 1274 Aut
414 1229 475 1296 ego
491 1227 566 1269 cum
578 1204 665 1268 vittis
678 1204 776 1268 statui
789 1204 941 1269 feralibus
952 1205 1088 1270 Hellen?

334 1324 366 1387 Si
382 1339 489 1384 tamen
503 1318 553 1380 his
565 1317 657 1382 aliter
668 1333 792 1405 perstas
805 1341 871 1382 non
885 1318 1000 1384 cedere
1012 1321 1121 1401 terris,

334 1439 447 1524 Teque
461 1431 570 1520 pudor
582 1431 663 1495 cassi
674 1429 798 1494 reditus
810 1449 940 1512 movet,
954 1456 991 1497 ac
1002 1433 1078 1497 latet
1089 1414 1159 1498 una¹

334 1551 452 1616 Nescio
467 1547 634 1635 quidplus
650 1568 761 1634 puppe
772 1547 868 1627 viris3
884 1547 973 1612 haud
987 1549 1055 1636 ipse
1066 1550 1235 1629 morabor,
1339 1573 1364 1609 e„

336 1668 418 1748 Quae
430 1664 538 1752 petitis
549 1686 557 1744 ;
570 1661 670 1726 modo
684 1674 794 1726 nostra
807 1662 898 1750 prior
910 1678 947 1726 tu
959 1661 1078 1751 perfice
1088 1664 1185 1743 jussa.

333 1782 469 1846 Martius
481 1793 555 1842 ante
567 1776 683 1841 urbem
697 1777 803 1866 longis
811 1779 896 1859 jacet
907 1777 1061 1843 horridus
1073 1781 1166 1844 annis

335 1898 495 1983 Campus,
509 1907 541 1956 et
551 1885 702 1956 ardentes
714 1915 752 1955 ac
764 1915 818 1956 me
831 1915 981 1980 quoque,
993 1916 1125 1959 vomere
1136 1918 1265 1983 presso,

334 2014 387 2077 lllle
404 2031 537 2098 quoque
549 2022 740 2071 cunctantes
750 2006 915 2071 interdum
927 2028 1102 2096 agnoscere
1111 2009 1206 2073 tauri.

335 2129 394 2192 llis
406 2125 506 2214 magis
517 2138 614 2210 atque
626 2122 727 2210 magis
739 2122 862 2185 rabiem
874 2144 964 2185 nunc
974 2139 1084 2186 nostra
1096 2140 1245 2187 senectus
1339 2144 1362 2180 es

335 2241 578 2325 Lirxuriemque
590 2235 699 2316 dedit,
712 2237 876 2324 solitoque
887 2236 1058 2324 superbior
1069 2235 1152 2324 ignis

325 2431 361 2481 54.
382 2426 504 2473 poteretur.
518 2420 556 2466 Sic
566 2419 643 2467 Vatic.
658 2420 712 2466 cod.
726 2421 835 2467 Patietur.
848 2422 939 2466 bonon.
956 2420 1009 2467 cod.
1026 2422 1137 2466 Potiatur.
1154 2421 1214 2467 Edd.
1229 2431 1284 2468 ante
1301 2425 1363 2470 Carr.

294 2512 413 2557 Potiretur.
425 2502 532 2551 Carrion.
545 2528 576 2537 -
586 2500 624 2547 55.
636 2501 764 2547 Descendit.
777 2503 867 2547 Bonon
877 2502 909 2547 ll.
927 2527 952 2537 -
961 2500 1103 2562 &disputet
1112 2500 1283 2550 Vaticllonou.
1294 2504 1363 2550 codri.

294 2601 318 2637 et
329 2589 395 2633 Garr.
406 2584 496 2646 tapies.
508 2582 599 2627 Bonon.
609 2582 628 2627 Ι.
638 2582 704 2625 lunt.
722 2580 776 2626 Ald.
790 2581 850 2642 ling.
862 2589 886 2625 et
899 2588 971 2641 postt.
980 2589 1064 2641 praeter
1075 2582 1160 2626 unser.
1167 2582 1264 2644 Rapuit.
1275 2584 1365 2637 nomn·

294 2672 325 2717 ll.
339 2668 432 2729 Rapiat.
443 2664 530 2711 Mater.
540 2686 571 2695 ·-
586 2659 624 2720 57.
639 2664 685 2705 Aut
694 2674 744 2720 ego.
756 2659 832 2707 Vitio.
845 2659 899 2706 cod.
913 2663 1003 2706 Βοηοιι.
1021 2661 1031 2705 Ι
1049 2669 1073 2706 ct
1086 2661 1118 2705 ΙΙ.
1136 2661 1190 2706 Cum
1201 2663 1279 2709 victu.
1291 2663 1363 2710 vatic.

296 2761 319 2795 et
330 2752 420 2795 Bunon.
433 2741 502 2789 codd.
513 2742 604 2787 Bonon.
614 2739 645 2784 ll.
655 2740 720 2784 lunt.
732 2738 787 2785 Ald.
799 2740 841 2786 En.

287 2915 290 2921 ·
333 2898 422 2951 5213:
442 2908 517 2959 quos,
535 2890 664 2939 credamus
686 2900 712 2935 ut
733 2886 808 2953 ipsis,
852 2883 937 2937 divini
957 2883 1048 2937 nescio
1066 2884 1131 2954 quid
1150 2884 1179 2937 iu
1198 2886 1263 2939 navi
1284 2899 1366 2939 vestra

294 2996 358 3031 nam
380 2971 431 3044 ipsi
445 2968 578 3031 latentur,
599 2983 645 3015 rer
664 2984 722 3015 suus
741 2965 810 3016 illisit
850 2962 1032 3032 latet(irridet
1041 2982 1138 3034 nempe
1148 2966 1236 3018 AEetes
1246 2967 1367 3028 laconis,

296 3060 386 3129 (bene
405 3049 537 3103 delectum
560 3042 664 3116 gravius
680 3043 807 3096 verbum:
852 3062 935 3113 quam
947 3043 985 3106 V,
1000 3044 1065 3108 tot,
1074 3043 1231 3115 jactaverat,
1242 3062 1305 3097 cum
1319 3045 1368 3098 diis

295 3139 378 3195 illisit,
393 3149 431 3185 ec.
450 3126 565 3199 pelago,
581 3122 671 3197 ejecit,
689 3122 810 3175 exturba·
853 3122 1039 3194 cognationem
1051 3139 1059 3185 ;
1072 3122 1106 3174 cf.
1118 3124 1198 3193 paulo
1212 3137 1270 3195 post
1280 3145 1306 3177 v.
1319 3143 1367 3195 71;

297 3218 333 3271 vit
350 3210 452 3286 patria,
467 3223 517 3258 nec
534 3215 607 3266 erat,
621 3200 695 3274 quod
711 3221 761 3273 pro
777 3220 809 3254 eo
854 3203 978 3273 Apollon.
990 3202 1048 3268 111,
1059 3207 1108 3264 ica
1123 3219 1129 3255 :
1146 3206 1166 3257 si
1180 3206 1300 3277 lrirupo'v
1314 3209 1368 3259 ion

296 3284 472 3350 Marklandus
486 3283 575 3337 mallet
593 3284 710 3349 immisit)
723 3283 810 3332 veuit·
854 3289 912 3337 tros
923 3287 990 3354 γένος
1001 3273 1026 3353 l,
1039 3285 1108 3332 sarid
1122 3287 1253 3335 rnorubor:
1268 3296 1299 3336 tu
1313 3303 1369 3335 mo-

301 3396 348 3444 que
364 3371 462 3427 reverti,
484 3375 611 3437 perpetuo
630 3359 720 3414 exsilio
737 3358 812 3412 dam·
856 3359 979 3413 doantea
990 3401 998 3426 ,
1009 3361 1331 3433 quujubebmperlicias

301 3453 384 3508 navit,
891 3440 990 3493 snitu
1006 3438 1041 3492 ad
1057 3441 1151 3493 urbem
1164 3459 1274 3512 campus
1289 3433 1367 3495 Marti

336 3532 378 3595 54.
389 3520 527 3593 Numquid
541 3519 575 3571 de
591 3517 667 3571 vobis
680 3530 740 3567 ante
761 3514 812 3568 hoc
856 3530 990 3581 sacratus,
1008 3522 1120 3571 horridus
1146 3520 1285 3591 (Apollon.
1303 3520 1365 3579 ibid,

301 3626 405 3681 tempus
433 3601 502 3655 male
532 3594 637 3651 merui?
669 3613 735 3647 uum
747 3631 756 3658 ,
783 3606 812 3645 ut
856 3604 905 3663 411
918 3616 925 3651 :
940 3600 1078 3670 crupellis,
1092 3597 1167 3669 quod
1178 3598 1319 3669 scholiasta
1329 3619 1368 3652 ex-

211 3746 217 3755 ,
298 3706 411 3747 aureum
427 3680 510 3735 vellus
532 3693 668 3749 raperem.
692 3692 773 3726 nam
797 3692 812 3725 e
856 3678 931 3749 ponit
941 3684 1073 3750 τραχιῑαν,
1087 3682 1147 3732 sitis
1157 3666 1254 3749 Ᾰρηος)
1268 3694 1313 3740 ‚et
1325 3700 1365 3730 ar-

299 3764 441 3825 Caucaseis
450 3758 589 3811 arboribus
601 3757 684 3823 factas
695 3752 813 3807 annavii’
856 3758 1049 3828 dentes,ignem
1056 3757 1195 3827 spirantes,
1201 3760 1265 3809 muri
1270 3778 1369 3810 vomere

300 3868 365 3905 num
378 3839 480 3917 predas
491 3833 649 3889 etbessalia
659 3831 717 3904 egi?
726 3834 776 3885 En.
853 3855 953 3903 presso,
964 3848 1053 3888 aratro
1063 3836 1164 3907 juncti,
1175 3828 1228 3899 uie,
1246 3858 1286 3889 me
1300 3838 1367 3891 adeo

322 3928 378 3987 Ἰ58,
389 3926 414 3973 Si
435 3934 516 3971 tornea
537 3928 636 3983 perstas
658 3932 707 3963 non
730 3914 812 3972 aliter,
857 3918 1368 3985 crinctairtesinterdumugnosccrc‚mibi

301 4008 349 4061 nisi
367 4009 475 4071 accepto
492 3994 599 4053 vellere,
612 3994 649 4045 liis
667 3996 753 4043 cedere
766 4007 811 4054 ter·
856 3993 907 4065 ipsi
920 3994 963 4046 vix
975 4008 1077 4065 parent.

300 4094 347 4144 ris,
361 4104 391 4137 uc
401 4086 518 4133 laeetana
528 4076 610 4126 risseio
622 4074 743 4140 quidplus
750 4092 812 4139 pup·
892 4073 935 4125 65.
945 4073 1069 4126 Senectus
1079 4092 1138 4126 mea
1148 4077 1265 4143 majorem
1279 4077 1367 4126 rabiem

296 4150 332 4239 pe
346 4167 424 4222 viris3
441 4158 463 4211 si
480 4154 595 4220 scilicet,
609 4162 703 4225 prater
725 4151 810 4217 viros,
856 4155 1040 4219 lrexnriemque,
1059 4152 1189 4206 luxuriam
1212 4153 1247 4207 ad
1267 4154 1367 4208 rabiem
