2859 4975
265 444 329 510 308
705 389 902 508 ORPHEI

306 581 456 664 Cumque
471 575 680 640 chamaemelo
692 576 826 657 smilax,
841 596 957 640 mecon
975 595 1109 662 quoque
1125 575 1235 663 nigra,

304 665 489 781 tllcyaque,
504 705 536 754 et
549 711 704 778 panaces,
720 705 753 753 et
766 711 924 778 capasou,
939 704 1038 776 atque
1051 688 1240 772 aconitum,

306 809 348 872 Et
364 829 436 895 quae
452 803 522 870 dira
538 805 606 868 suis
620 803 684 868 fert
700 805 846 893 gramina
861 821 947 870 terra
962 804 1106 871 venenis.

305 926 345 988 ln
360 920 468 998 medio
482 920 580 1009 stipes
596 919 661 1008 fagi
674 942 775 1000 sacer,
788 919 910 984 arduus
923 920 1026 983 altum
1090 969 1094 974 .

305 1040 470 1102 Densatur
483 1056 633 1116 nemore,
647 1049 680 1098 et
695 1034 793 1097 ramis
807 1032 1023 1122 spatiantibus
1036 1035 1110 1099 exit.

304 1154 366 1219 Hic
382 1153 483 1242 igitur
499 1151 655 1239 Phryxaea
671 1150 763 1214 omui
777 1148 819 1213 de
835 1165 928 1237 parte
943 1149 1108 1238 refulgens
1136 1199 1141 1208 .

302 1273 409 1336 Aurea
426 1267 548 1357 pendet
565 1267 653 1332 ovis:
668 1288 801 1354 serpeus
815 1265 870 1330 hic
884 1266 1003 1330 vellera
1016 1266 1140 1330 circum

303 1383 492 1472 pervigilat,
510 1381 602 1447 dictu
620 1397 805 1446 monstrum
825 1381 1016 1446 mortalibus
1033 1381 1182 1447 horrens.

302 1499 387 1563 Nam
404 1498 525 1588 tegitur
543 1496 633 1561 fulvo
650 1497 760 1576 corio,
776 1496 954 1584 multisque
974 1495 1154 1585 superbum
1301 1525 1338 1562 ⁹²⁰

302 1613 479 1702 Amplexus
497 1627 652 1676 truncum
670 1611 764 1696 spiris
781 1611 970 1700 ingentibus
985 1610 1103 1687 ambit,

299 1728 492 1816 lnfernique
507 1726 594 1790 lovis
610 1724 741 1814 signum
760 1747 822 1813 pro
839 1725 957 1790 vellere
970 1742 1065 1791 vexat

295 1842 481 1908 Indomitus
496 1857 622 1922 custos,
645 1856 678 1905 et
694 1840 802 1904 somni
818 1841 947 1906 nescius
964 1840 1097 1930 anguis,

300 1956 438 2022 Sordida
456 1955 654 2020 convolvens
670 1954 820 2018 humenti
837 1954 962 2018 lumina
979 1955 1068 2020 tabo.

343 2074 403 2136 Ast
418 2071 477 2136 ubi
494 2069 536 2135 de
555 2071 681 2135 cunctis
698 2086 737 2134 ut
751 2086 843 2134 erant
859 2069 1025 2134 verissima
1040 2069 1139 2135 rebus
1298 2090 1335 2139 με
1417 2080 1418 2093 ’

298 2186 477 2269 Novimus,
496 2202 529 2250 et
545 2185 688 2248 tenebris
708 2184 861 2266 Hecates,
880 2184 1017 2250 custode
1030 2184 1194 2265 dracone,

300 2303 420 2368 Omnia
436 2324 508 2390 quae
522 2301 619 2364 nobis
638 2298 785 2388 prudens
801 2298 917 2365 Medea
932 2301 1079 2382 resolvit,

299 2418 470 2482 Poscimus
488 2416 521 2478 in
539 2431 631 2480 tanto
650 2430 683 2479 et
698 2415 769 2480 sinc
788 2437 846 2504 spe
866 2414 1071 2501 discrimine,
1090 2437 1172 2479 saeva

298 2533 376 2614 Quo
393 2530 453 2596 dea
471 2531 513 2595 sit
530 2529 687 2620 placanda
703 2529 823 2613 modo,
844 2532 1014 2619 faveatque
1029 2546 1158 2622 rogata,

297 2650 342 2712 Ut
358 2648 400 2712 sit
417 2648 478 2711 iter
495 2668 613 2710 nemus
628 2646 662 2710 in
680 2662 827 2729 vastum,
851 2645 1051 2735 tandemque
1066 2664 1200 2735 recepto
1296 2666 1332 2717 ,φο

295 2764 335 2847 ln
348 2761 468 2851 patrias
485 2761 548 2825 laeti
565 2760 737 2826 redeamus
752 2763 868 2826 vellere
885 2776 996 2826 terras.

295 2880 391 2942 Tunc
411 2876 549 2965 Mopsus
570 2877 700 2957 jubete
720 2878 846 2941 cunctis
864 2876 1021 2941 heroibus
1042 2898 1146 2958 unus,

294 2993 379 3085 Nam
394 2991 457 3055 fuit
474 2990 608 3081 ingenio
624 3007 730 3073 vates,
746 2991 773 3055 is
792 2990 909 3056 doctus
925 3007 958 3055 et
972 3007 1059 3072 arte,

293 3108 339 3171 Ut
355 3129 408 3171 me
425 3106 628 3195 supplicibus
644 3105 777 3195 adigant
795 3104 836 3170 ad
853 3128 991 3170 munera
1009 3106 1134 3187 verbis,

295 3223 545 3307 Placautemque
559 3219 671 3302 deam,
685 3237 939 3308 monstrumque
950 3220 1093 3284 immane
1106 3220 1299 3286 trahentem.

295 3338 347 3402 Sic
362 3336 408 3400 illi
422 3350 558 3400 orantes
577 3334 659 3399 facta
675 3334 805 3398 cinxere
822 3357 954 3399 corona.
1051 3381 1055 3394 ,
1276 3352 1329 3404 ‚9³⁶

256 3460 262 3468 '
295 3452 379 3517 Jussi
394 3450 494 3539 igitur
510 3450 679 3539 geminos,
694 3450 814 3513 fortem
831 3471 964 3537 quoque
981 3452 1113 3544 lasona,
1128 3451 1260 3527 fratres,

295 3567 463 3631 Pollucem
476 3564 641 3653 pugilem,
665 3562 858 3653 praesignem
876 3579 909 3628 et
923 3565 1057 3628 Castora
1070 3582 1273 3653 equestrem,

297 3680 505 3767 Mopsonque
519 3676 722 3766 Ampyciden
734 3677 807 3742 loca
820 3700 953 3765 poscere
965 3679 1063 3767 plena
1077 3679 1209 3746 laboris.

298 3796 341 3859 At
355 3814 408 3857 me
422 3810 494 3857 tum
505 3793 545 3857 ab
560 3792 693 3880 reliquis
708 3794 816 3859 solum
827 3793 942 3858 Medea
955 3811 1094 3882 sequuta
1109 3811 1168 3861 est.

341 3908 420 3972 Post
440 3908 500 3971 ubi
517 3908 714 3997 contigimus
727 3932 815 3991 aras,
837 3906 1010 4000 divamque
1027 3910 1240 3997 Therapnen,

297 4023 407 4090 Effodi
424 4024 590 4112 triplicem.
601 4024 707 4112 campi
724 4046 823 4114 super
840 4047 970 4114 aequora
988 4024 1129 4091 fossam:
1188 4096 1192 4103 ¹

296 4138 452 4205 Arceuthi
467 4154 619 4219 truncos,
640 4139 821 4227 fragmenta
838 4162 973 4227 quoque
992 4139 1081 4204 arida
1096 4139 1206 4223 cedri,
