2859 4975
354 446 741 514 ARGONAUTICON
768 450 854 514 LIB.
877 450 938 515 vl.
1141 475 1178 517 21

151 586 193 649 At
204 582 291 649 circa
302 580 482 647 AEsoniden
499 584 649 647 Danaum
662 604 800 665 manus,
815 583 952 671 ipsaque
965 584 1067 649 Pallas

44 710 47 717 ⁴
151 696 268 787 AEgide
283 696 440 779 terrifica,
460 720 558 785 quam
578 720 638 762 nec
655 696 714 761 dea
733 699 829 762 lassat
843 697 1014 782 habendo,

149 814 218 877 Nec
234 826 326 899 pater
340 811 528 876 horrentem
544 810 688 877 colubris
702 813 865 901 vultuque
871 796 1080 879 'tremendam
1146 838 1183 889 ¹1⁵

150 928 344 1015 Gorgone03
362 946 424 990 nec
441 926 617 990 semineces
634 926 806 991 ostendere
821 926 926 991 crines

152 1040 295 1130 Tempus
313 1041 438 1123 adhuc,
453 1042 641 1130 primasque
655 1041 732 1105 sinit
742 1058 938 1107 'concurrere
951 1066 1087 1134 pugnas.

150 1156 284 1244 Impulit
299 1155 361 1219 hos
379 1140 638 1220 contra'Mavors
655 1172 765 1243 pater,
781 1138 815 1221 et
829 1157 912 1220 mala
928 1158 984 1223 leti

151 1270 292 1353 Gaudia,
307 1271 551 1359 Tisiphoneque
565 1286 663 1359 caput
676 1294 735 1359 per
752 1270 863 1335 nubila
877 1272 994 1336 tollens

149 1387 199 1452 Ad
217 1386 361 1451 sonitum
379 1387 470 1469 litui,
487 1387 659 1476 mediaque
677 1388 829 1451 altissima
844 1410 972 1475 pugna,
1143 1412 1180 1450 ,ιο

150 1501 300 1565 Necdum
314 1503 415 1578 clara,
432 1502 551 1589 quibus
569 1525 639 1566 sese
655 1504 743 1591 Fuga
758 1502 925 1565 mentibus
940 1501 1046 1567 addat.

195 1617 246 1679 Ilii
260 1616 317 1681 ubi
330 1618 487 1681 consertis
498 1617 636 1696 junxere
649 1617 820 1680 frementia
834 1616 906 1681 telis

150 1731 307 1821 Agmina,
323 1732 437 1818 virque
451 1731 559 1793 virum
573 1730 669 1820 galeis
685 1729 805 1794 afflavit
823 1730 962 1795 adactis:

151 1847 321 1912 Continuo
336 1846 414 1911 hinc
432 1847 560 1928 obitus,
577 1846 802 1934 perfractaque
820 1846 961 1911 caedibus
978 1870 1082 1930 arma,

142 2054 193 2115 175.
210 2053 367 2100 florendum·
380 2055 469 2099 Bonon.
486 2061 508 2097 et
529 2054 655 2097 Burmann.
673 2052 742 2097 codd.
762 2078 793 2086 -
816 2052 867 2098 180.
883 2052 1031 2101 Aesontius.
1052 2052 1110 2100 Edd.
1127 2065 1181 2100 ante

117 2132 259 2181 carrionem.
278 2134 323 2178 En.

107 2284 202 2355 reguli.
212 2284 247 2336 At
257 2284 381 2336 iasonem
393 2282 479 2335 Graeci
490 2282 531 2334 sui
542 2285 618 2354 juvo·
664 2281 771 2334 -Vide
784 2281 818 2334 ad
831 2282 899 2335 cnlc.
913 2282 941 2335 h.
957 2282 978 2333 Ι.
989 2294 1044 2333 not.
1058 2286 1117 2352 176.
1131 2283 1182 2341 En,

107 2365 227 2428 bant,et
242 2366 315 2431 ἰρεα,
332 2380 390 2433 quse
403 2362 494 2413 multis
503 2362 619 2413 millibus
703 2379 761 2431 177.
788 2365 932 2428 Primusque
957 2363 1014 2413 sinit
1032 2381 1177 2412 concurrere

106 2443 194 2514 potior
204 2454 286 2506 esset,
296 2446 396 2501 Pallas,
410 2445 489 2512 aegide
499 2444 618 2512 terrifica,
660 2460 777 2510 prignas,
786 2459 859 2494 nunc
870 2440 909 2493 nil
918 2440 971 2495 nisi
980 2442 1122 2495 committit
1130 2460 1180 2514 pu·

105 2544 180 2589 quam
197 2545 244 2575 nec
256 2527 304 2576 dea
323 2527 404 2574 lassat
421 2525 548 2580 habendo,
567 2532 619 2574 tru-
665 2519 897 2592 guantes,AEgida
908 2522 1005 2592 promit
1018 2522 1127 2574 demum
1136 2521 1178 2572 in·

106 2604 329 2671 ctando(tassare
340 2603 370 2654 h.
381 2601 400 2654 l.
412 2601 505 2654 eodem
522 2619 618 2667 sensu,
665 2601 724 2662 fra,
740 2619 820 2654 versu
833 2602 904 2668 396,
922 2602 971 2673 qui
982 2602 1058 2655 locus
1070 2604 1181 2655 omnino

107 2702 162 2754 qno
172 2683 238 2736 elias
242 2684 359 2752 fatigare
368 2679 403 2734 de
413 2681 508 2743 rebus,
522 2679 620 2750 quibus
665 2677 753 2732 lucem
762 2677 844 2732 effert
855 2692 955 2734 nostro.

106 2763 202 2816 crebro
211 2776 238 2815 et
247 2779 308 2816 cum
318 2759 485 2814 contentione
493 2759 620 2824 utimur),
703 2761 761 2827 178.
767 2759 856 2811 Tanto
863 2778 927 2813 vero
936 2760 1023 2812 acrius
1035 2759 1182 2812 incendunt

106 2839 621 2906 nuncnondnmvibratmecpasertor-
664 2837 1182 2910 praliumettlavcrspater,quodnomen

106 2938 200 2975 rentem
216 2924 320 2974 sontes
340 2925 458 2987 numque
471 2921 620 2970 tremendam
665 2915 717 2968 diis
727 2918 1055 2988 apponereomninosmet
1070 2918 1180 2984 Noster,

107 3007 256 3070 Gorgoneo,
267 2999 384 3052 Medusae
397 2997 489 3068 eapite.
498 2995 570 3062 Quid
574 3015 622 3064 pa·
666 3011 692 3047 et
707 2999 777 3046 mala
788 2999 830 3048 len‘
838 3000 935 3065 gaudia
942 3000 1099 3064 (Mordiust),
1107 3008 1132 3048 et
1144 2999 1182 3046 Ti·

106 3095 154 3141 εον,
170 3081 200 3132 in
218 3097 274 3151 qno
291 3090 380 3131 tamen
397 3076 465 3128 nihil
478 3076 582 3128 variant
594 3073 623 3124 li·
666 3077 767 3142 siptcne
782 3090 857 3143 caput
871 3096 919 3144 per
932 3079 1016 3130 nubila
1027 3080 1131 3136 tollens,
1150 3087 1180 3126 ut

108 3160 165 3223 bri,
184 3159 230 3212 hic
248 3158 297 3211 sibi
318 3157 398 3219 velit,
420 3154 544 3227 equidem
567 3171 621 3206 non
666 3153 785 3224 undique
800 3155 917 3226 conspici
933 3154 1034 3227 possit,
1048 3158 1181 3221 studiaque

107 3239 196 3292 video.
209 3237 320 3310 Scripsit
332 3237 388 3289 sine
406 3234 489 3288 dubio
500 3233 622 3300 Valerius
667 3235 786 3283 altissim
792 3254 890 3302 pugna.

107 3320 198 3385 quatit,
220 3318 262 3370 vel
280 3317 390 3388 propius
413 3313 447 3367 sd
466 3313 622 3384 scripturum
705 3314 765 3365 181.
777 3313 832 3364 Nec
842 3313 914 3366 abest
926 3319 1011 3380 nuga,
1024 3311 1101 3382 quasi
1111 3310 1179 3375 dea,

109 3412 221 3464 quatere,
236 3395 309 3468 quod
322 3399 420 3468 jungas
431 3393 601 3464 sequentibus
614 3409 621 3443 :
667 3394 777 3442 nondum
789 3405 871 3442 tamen
881 3395 953 3442 clara
965 3394 1014 3462 (ut
1024 3391 1180 3444 Grsecorum

109 3496 156 3528 nec
169 3491 263 3544 tempus
276 3486 341 3527 erat.
399 3527 403 3536 ,
667 3463 783 3540 δῆλος),
798 3469 921 3525 nondum
937 3481 1023 3534 certa,
1037 3469 1119 3523 dubia
1134 3470 1180 3523 ed·

147 3557 207 3626 176.
223 3559 277 3606 Nec
289 3568 381 3622 tempus
399 3557 479 3606 adduc
492 3555 623 3604 semineces
667 3549 740 3613 huc,
761 3553 846 3617 quibus
865 3570 920 3601 sese
937 3553 1056 3601 mentibus
1079 3554 1176 3609 addat,

108 3637 238 3685 ostendere
250 3635 346 3693 crines,
365 3632 412 3703 qui
428 3651 489 3684 non·
504 3629 549 3683 alii
565 3648 621 3682 esse
667 3630 721 3682 utri
738 3629 865 3683 exercitui
875 3628 994 3700 fugiendi
1006 3641 1093 3700 portes
1104 3629 1179 3682 attri-

108 3723 239 3782 possunt,
254 3711 304 3763 nisi
318 3709 399 3764 iidem
413 3709 530 3763 Medusa
541 3721 623 3780 caput
665 3709 747 3775 buat,
773 3727 888 3779 quorum
911 3708 1015 3762 animos
1037 3708 1180 3762 formidine

109 3790 245 3862 cingentes
261 3808 378 3862 angues,
395 3789 442 3842 sed
456 3808 505 3844 cur
516 3791 620 3841 semine-
665 3787 772 3859 implcct
782 3827 792 3854 ,
802 3800 834 3841 ut
841 3789 923 3860 primi
930 3791 1022 3860 fugem
1030 3800 1178 3860 capessant.

110 3879 172 3920 ces?
185 3868 266 3922 Haud
282 3871 373 3940 inepte
384 3872 419 3934 td
434 3887 538 3922 sensum
552 3867 622 3920 Frie·
703 3867 825 3922 xta-188.
835 3868 883 3920 His
891 3868 1011 3923 versibus
1022 3867 1109 3928 diram
1118 3887 1179 3939 poe-

47 3960 49 3966 ’
110 3963 254 4002 ecmannus
271 3949 378 4020 conjicit
397 3951 529 4019 sacficcs,
549 3945 621 4016 quod
665 3945 729 3998 tain
740 3947 895 4001 universum
908 3948 1051 4019 imaginem
1062 3948 1145 4019 pingit
1154 3959 1179 4000 et

112 4039 226 4086 tamenn
238 4026 355 4096 vestigiis
365 4026 501 4097 stripturoe
509 4025 621 4078 nimium
665 4025 749 4096 prselii
759 4025 842 4097 ipsius
852 4067 860 4092 ,
872 4038 899 4078 et
911 4028 1014 4098 campi,
1026 4027 1053 4078 in
1064 4047 1119 4098 quo
1130 4046 1179 4098 pu·

111 4106 220 4163 recedit.
231 4109 367 4160 sentirem
377 4105 397 4158 si
405 4106 534 4169 retineas,
543 4105 622 4172 expli·
665 4118 769 4175 guntur.
781 4108 826 4155 Ubi
831 4110 950 4159 consertis
955 4112 1066 4177 jecnam
1068 4107 1180 4174 fremen-

113 4187 166 4237 cari
186 4185 289 4257 possint
310 4185 458 4256 pallentes,
479 4189 619 4257 ἡμιθνῆτες.
666 4189 700 4237 tis
714 4190 767 4238 tetis
780 4190 904 4252 agmina„
919 4204 1013 4257 magna
1030 4187 1181 4240 conclama·
