2859 4975
273 374 332 440 152
378 374 429 438 IN
457 373 543 438 LIB.
567 375 824 439 SEPTIMUM
852 375 1240 444 ARGONAU'I'ICON

267 486 341 551 Quos
351 485 489 560 Adolphus
501 493 601 539 Dureau
615 491 646 539 de
659 493 770 540 cumula
779 486 943 560 adjudicavit
951 489 1073 558 Valerio,
1086 492 1166 564 inque
1178 505 1282 545 textum
1292 511 1338 546 re-

268 571 353 641 cepit,
367 583 468 624 mutato
480 572 514 624 ab
526 571 590 623 binc
602 573 704 626 solenni
716 571 841 625 cifras-um
853 573 971 626 versibus
984 575 1150 644 praeliaturum
1161 576 1271 640 ordine,
1284 597 1339 630 nec
1418 600 1420 637 t

268 654 350 706 semel
362 654 415 705 hoc
428 673 484 706 uno
499 655 583 716 libro;
601 643 667 708 duos
681 655 751 708 enim
764 667 887 725 praterea
900 674 990 709 versus
1003 655 1071 709 inter
1085 659 1136 722 344
1148 670 1175 710 et
1188 660 1239 722 345
1249 659 1339 710 inter·

268 737 369 808 polavit
378 753 385 788 ε
398 755 453 831 guo
466 737 508 803 fit,
519 749 549 790 ut
561 737 630 792 illius
641 737 764 790 editionis
776 757 948 810 possessores,
959 740 1012 792 alia
1021 739 1099 794 simul
1107 741 1229 795 habenda
1241 761 1339 796 carere
1418 784 1419 789 ,

268 836 322 870 uon
334 832 445 890 possrnt.

304 966 339 1018 V.
354 973 414 1030 aul.
426 973 484 1020 Sola
495 985 544 1021 tuce
556 973 629 1020 venio
641 973 805 1037 (jampridem
812 975 923 1040 gnava)
931 974 1058 1040 juvente.-

430 1055 524 1103 Cretera
530 1073 609 1120 parce
618 1057 697 1121 queri,
706 1073 754 1103 neu
764 1073 803 1104 me
811 1057 914 1106 meliora
923 1069 1052 1123 aequatam

427 1141 510 1204 Argue
516 1157 526 1196 ,·
540 1139 628 1204 quispe
639 1140 727 1206 utjam
738 1152 879 1205 reputentur
888 1157 990 1189 munera
1002 1141 1095 1198 divum,

430 1222 545 1270 Omnibus
555 1222 619 1270 lunc
624 1225 709 1288 potius
718 1238 869 1272 commatrem
878 1225 1042 1273 animantibus
1050 1226 1147 1282 orbem,

430 1307 571 1355 Communes
579 1318 603 1354 et
611 1303 682 1354 crede
690 1306 756 1355 deos.
847 1357 850 1361 ,

272 1451 283 1472 ι
296 1427 358 1478 llaec
370 1425 531 1498 parenthesis
545 1427 709 1494 (jampridem
724 1429 814 1494 ignava
822 1427 844 1494 ),
860 1425 949 1496 inquit
960 1427 1128 1497 Wagnerus‚
1140 1424 1338 1478 confessionem
1418 1422 1420 1467 ἐ

269 1507 335 1560 mihi
346 1509 481 1564 oontinere
491 1508 594 1563 videtur
603 1507 735 1562 diuturna
746 1508 870 1560 absentie
881 1525 888 1559 :
904 1509 999 1574 fateor,
1007 1527 1050 1560 me
1059 1509 1139 1560 nimis
1147 1507 1194 1560 diu
1204 1507 1338 1574 abstruse,
1418 1505 1420 1508 ’

270 1591 315 1645 scd
334 1592 452 1663 ignosce,
471 1611 576 1664 quaeso,
597 1610 670 1644 nunc
690 1591 739 1644 tibi
760 1610 793 1644 eo
814 1591 958 1645 studiosius
979 1610 1085 1663 operam
1107 1591 1339 1646 dautrae.1nhac

267 1674 441 1746 explicatione
456 1673 582 1727 dissentio
593 1675 627 1726 ab
640 1673 825 1746 interpretibus
837 1675 977 1728 omnibus:
992 1679 1052 1736 Pio,
1067 1675 1114 1747 qui
1123 1679 1244 1743 juvence,
1259 1674 1339 1746 quod

267 1755 335 1808 mihi
360 1755 463 1810 dativus
485 1769 537 1820 est,
561 1777 612 1829 pro
629 1757 744 1828 genitivo
769 1757 837 1809 sumi
858 1758 964 1820 maluit,
986 1759 1118 1811 subintell.
1141 1779 1235 1833 causa,
1260 1757 1339 1830 quod

268 1839 366 1894 durum
377 1859 385 1904 ;
398 1844 512 1903 Heinsio,
522 1841 568 1912 qui
581 1841 664 1894 voluit
675 1843 777 1910 ignara,
791 1841 864 1912 quod
877 1843 922 1894 vix
936 1861 1043 1895 sensum
1059 1842 1176 1913 praebet,
1191 1848 1338 1891 Burmanno
1359 1845 1365 1852 '

267 1922 403 1994 denique,
417 1924 460 1976 cui
473 1924 572 1994 placuit
580 1927 730 1993 jasnpridem
739 1944 833 1995 guara,
842 1925 936 1977 melius
944 1965 952 1990 ,
961 1923 1008 1977 sed
1021 1926 1077 1977 sine
1088 1943 1175 1978 causa.
1189 1924 1218 1976 si
1229 1940 1338 1975 mecum

267 2025 316 2078 pro
332 2007 497 2060 excusatione
517 2026 622 2073 sumas,
642 2008 742 2079 optime
761 2007 892 2078 quadrant
915 2009 1071 2079 sequentia:
1091 2007 1193 2060 absenti
1209 2008 1337 2078 ignosce,

268 2091 315 2143 sed
325 2107 513 2158 retemptans,
529 2093 598 2156 noli,
614 2095 694 2159 queri,
710 2112 756 2141 neu
775 2102 813 2142 me
832 2094 935 2145 meliora
949 2106 1077 2158 aequatam
1094 2111 1185 2159 argue,
1198 2090 1254 2142 noli
1270 2089 1339 2140 mihi
1418 2106 1420 2109 '

269 2174 333 2229 vitio
350 2187 452 2228 vertere
465 2173 539 2246 quod
551 2175 654 2240 mitius,
670 2174 824 2226 clementius
837 2175 930 2226 celum
943 2175 1110 2244 quesierim3
1127 2189 1262 2241 reputemus
1272 2176 1283 2240 (
1292 2192 1338 2225 re·
1418 2184 1419 2187 ’

270 2260 378 2331 putes),
392 2256 541 2310 consideres
551 2275 656 2308 mecum
672 2257 818 2309 beneficam
834 2255 944 2308 deorum
956 2256 1163 2322 institutionem,
1176 2259 1240 2317 lunc
1251 2260 1338 2322 potius

269 2347 351 2392 orbem
364 2344 473 2392 omnibus
484 2342 657 2400 animantibus,
668 2339 831 2402 hominibus,
845 2358 1004 2400 communem,
1024 2343 1129 2407 deosque
1146 2343 1218 2390 crede
1229 2359 1339 2390 commu-
1418 2376 1419 2381 ,

269 2442 320 2476 nes.
331 2447 344 2468 »
355 2453 390 2464 -
400 2429 496 2491 Ignara
509 2421 553 2472 hic
567 2419 659 2474 eodem
678 2439 757 2472 sensu
771 2433 822 2486 est,
837 2439 891 2493 quo
907 2439 1003 2493 supra,
1014 2422 1063 2483 Vl,
1077 2424 1145 2485 486:
1164 2428 1201 2472 Tu
1218 2425 1338 2472 thalamis

163 2538 169 2549 «
270 2511 359 2575 ignava
377 2510 453 2557 sedes.
464 2504 607 2557 —Censeo
625 2503 784 2574 legendum,
798 2523 824 2556 v.
842 2508 892 2556 226
903 2521 910 2554 ε
922 2508 1019 2571 quippe
1031 2508 1105 2555 esum
1122 2519 1273 2571 repetentur,
1283 2503 1337 2555 hoc

271 2609 349 2643 sensu
360 2608 366 2643 :
379 2609 458 2655 nam,
472 2589 495 2641 si
509 2606 552 2640 me
565 2589 669 2659 arguis,
685 2606 777 2659 argues
791 2588 870 2640 etiam
882 2586 963 2649 deos,
977 2606 1026 2641 sua
1039 2587 1117 2641 etiam
1131 2586 1182 2638 diis
1193 2587 1336 2657 exprobra·

271 2674 312 2727 bis
324 2691 442 2727 munera.
454 2677 494 2725 De
506 2672 657 2743 temperatis
666 2671 739 2724 zonis
748 2671 805 2723 baec
814 2671 851 2722 ait
860 2669 988 2741 Virgilius
999 2708 1007 2733 ,
1019 2671 1114 2741 Georg.
1127 2672 1152 2732 Ι,
1166 2671 1233 2738 237:

416 2823 671 2838 .................
686 2791 737 2836 duaa
747 2790 886 2837 mortalibus
898 2788 965 2850 egris

413 2870 504 2913 Munere
514 2881 629 2912 concessae
640 2866 722 2912 divum.

305 3020 339 3072 V.
351 3036 400 3087 2²9
408 3056 624 3073 .............
642 3025 694 3071 Nec
706 3041 766 3081 nos,
779 3042 793 3071 o
807 3036 882 3082 nata,
897 2990 1018 3089 malignus
1149 3048 1162 3076 ς

413 3104 514 3153 cluserit
526 3104 572 3153 lroc
584 3122 632 3153 uno
645 3122 739 3172 semper
749 3108 793 3155 sub
799 3105 899 3171 frigore
910 3106 1006 3155 Pluris.

271 3235 347 3287 Circe
358 3233 437 3286 amita
446 3246 502 3285 erat
512 3232 628 3296 Medeae;
640 3232 687 3287 sed
697 3252 756 3287 eam
765 3233 893 3294 ,allectus
902 3233 1086 3295 simulatione,
1095 3247 1183 3283 natam
1193 3244 1288 3297 vocat,
1297 3232 1335 3285 uti

271 3317 385 3371 vicissim
394 3318 428 3369 ab
436 3316 482 3371 illa
491 3334 569 3369 mater
578 3317 651 3371 audit
657 3324 670 3383 ,¹
677 3317 764 3381 infra,
774 3336 799 3368 v.
812 3322 872 3378 sla.
883 3347 919 3356 —
931 3316 1111 3388 Zinzerlingus
1124 3334 1155 3368 ac
1167 3316 1335 3369 burmannus

270 3404 416 3473 elegantem
429 3401 501 3453 hunc
513 3401 587 3454 verbi
601 3404 698 3451 cludere
715 3417 794 3451 usum
814 3410 990 3452 notaverunt:
1006 3398 1131 3452 videntur
1150 3400 1222 3452 enim
1242 3398 1333 3461 flavii,
1418 3429 1419 3436 κ

175 3500 178 3508 ·
270 3502 336 3556 quos
349 3487 441 3555 finirem
461 3488 564 3534 arbitros
583 3481 649 3534 dicit
663 3480 859 3544 Tertullianus,
878 3482 1014 3553 regiones,
1030 3502 1095 3553 quas
1113 3483 1189 3535 alluit
1206 3482 1334 3554 quisque,
1418 3465 1419 3540 l

271 3567 385 3637 singulas
407 3564 524 3619 dividere
543 3582 575 3617 ao
594 3564 743 3616 terminare.
760 3561 812 3618 Sed
823 3563 916 3616 Phasis
929 3565 982 3617 hoc
995 3565 1053 3617 loco
1068 3565 1106 3617 nil
1117 3564 1191 3618 aliud
1203 3575 1242 3618 est
1254 3582 1333 3635 quam

269 3648 370 3702 Aldinae
383 3654 532 3723 conjectura
542 3667 549 3700 :
561 3646 665 3701 codices
679 3666 710 3699 ac
720 3661 821 3701 veteres
833 3646 962 3701 editiones
972 3648 1069 3701 habent
1079 3652 1166 3699 mensis
1175 3689 1182 3713 ,
1192 3649 1239 3719 qui
1249 3660 1334 3719 potest

270 3730 410 3805 explicari,
423 3733 445 3786 si
456 3732 577 3802 capiatur
587 3750 635 3803 pro
650 3750 735 3791 anno;
749 3735 881 3799 malignum
898 3750 1001 3782 mensem
1019 3732 1088 3783 conl.
1104 3748 1165 3784 cum
1183 3750 1249 3782 auno
1267 3731 1335 3782 iucu-

264 3818 324 3884 fero
331 3855 339 3877 ,
353 3834 445 3887 supra,
456 3816 510 3876 Ill,
522 3818 583 3877 454.

306 3960 342 4010 V.
359 3959 417 4011 ²32.
425 3938 464 4008 lEt
473 3976 536 4007 nunc
547 3961 651 4009 Ausonii
662 3963 753 4027 conjux
765 3978 809 4026 ego
821 3961 888 4025 regia
900 3961 954 4008 Pici
961 3980 969 4007 :

344 4102 347 4109 .
432 4045 483 4091 Nec
497 4044 556 4092 atili
564 4045 722 4111 flammiferis
734 4045 833 4092 luorum
842 4043 877 4091 ibi
883 4060 979 4107 pascam
988 4045 1079 4100 cautu,

429 4130 520 4193 Meque
528 4128 596 4177 vides
612 4128 681 4175 Tusci
694 4128 819 4175 &minam
829 4126 913 4174 maris.
