2859 4975
212 427 215 443 '
262 463 327 538 νιν
379 459 430 523 sn
458 459 546 524 mn.
573 426 1227 527 connvnn'nncouanmcon

295 603 330 654 V.
341 619 384 672 po.
397 603 443 653 Ceu
454 603 558 672 refluens
572 601 656 650 eadm
662 637 670 660 ,
680 615 726 650 aut
736 613 828 668 septem
834 603 961 669 projectus
974 605 999 653 iss
1010 619 1095 652 amnes

402 687 491 746 Nilus,
503 697 527 736 et
539 687 682 752 Hesperium
692 688 795 736 veniens
805 687 913 753 Alpheos
924 689 949 736 in
960 689 1051 738 orbem.

260 825 302 879 Sic
311 823 485 894 Wagnerus:
501 847 514 866 α
524 819 605 874 Haud
617 837 714 892 parum
729 819 896 875 desudarunt
908 823 938 874 in
951 823 1004 875 boc
1021 824 1082 876 loco
1097 824 1269 896 interpretes,
1283 825 1348 897 qui,

260 909 283 962 si
296 909 375 960 ‘verba
395 917 513 978 spectes,
527 905 595 957 nihil
616 903 763 958 admodum
783 904 951 973 difficultatis
969 906 1060 960 babet.
1082 907 1228 978 Comparat
1248 927 1350 978 nempe

260 993 403 1046 draconem
422 1001 575 1062 porrectum
593 1009 655 1044 cum
673 991 760 1043 tribus
777 989 883 1058 lluriis,
899 1008 1016 1063 quorum
1029 992 1128 1063 cuique
1145 989 1220 1045 addit
1234 992 1348 1064 pertici-

259 1079 333 1150 pium
347 1094 354 1129 :
369 1079 473 1147 reflroens
484 1072 587 1137 Padus,
594 1077 721 1143 projectus
729 1074 822 1141 Nilus,
833 1078 935 1128 esaim
944 1074 1073 1145 Alpheus.
1089 1076 1123 1127 Et
1134 1079 1220 1127 Padus
1233 1075 1349 1147 quidem

261 1166 365 1236 reslssem
387 1172 425 1214 est
441 1157 591 1225 exundans,
605 1157 675 1210 ultra
697 1158 771 1230 ripas
792 1159 910 1222 effusus,
923 1160 994 1212 nihil
1010 1159 1133 1230 amplius.
1152 1152 1276 1226 bucano,
1293 1162 1349 1214 lv,

263 1247 325 1310 134,
335 1255 374 1296 est
383 1257 516 1310 stagnans,
525 1239 619 1294 codem
631 1259 709 1295 sensu
720 1262 729 1308 3
739 1243 812 1294 conl.
826 1241 946 1314 ejusdem
958 1244 1075 1310 Lucani,
1085 1243 1134 1304 Vl,
1152 1263 1255 1314 aym...
1270 1247 1349 1296 Nilus

258 1330 397 1396 projectas,
413 1323 485 1396 quod
500 1325 606 1395 gravius
624 1343 705 1397 quam
724 1338 881 1396 porrectus,
896 1325 958 1380 ideo
975 1337 1065 1380 tamen
1082 1347 1137 1380 non
1147 1329 1252 1400 placet,
1268 1329 1349 1399 quod

260 1410 354 1464 eadem
365 1427 414 1462 vox
426 1407 515 1480 paullo
526 1419 594 1480 post,
602 1427 629 1462 ν.
642 1409 688 1478 93,
701 1409 844 1463 occurrit..
853 1413 1008 1478 culpasse
1018 1413 1127 1472 veniens,
1139 1428 1170 1463 ex
1182 1411 1270 1476 Elide,
1279 1413 1348 1464 sub-

262 1509 302 1548 ter
322 1493 404 1547 maria
421 1491 467 1546 diu
481 1504 618 1563 terrasque
633 1492 790 1564 depressus,
810 1509 872 1546 cum
891 1493 1021 1546 Arethusa
1039 1493 1136 1546 deinde
1153 1493 1251 1547 Sicilie
1269 1494 1348 1549 fonte

263 1598 346 1654 squas
360 1579 535 1641 consocians;
560 1576 615 1632 vid.
637 1577 727 1632 Ovidii
742 1577 853 1630 Metam.
867 1577 916 1631 lib.
925 1579 960 1641 V,
980 1583 1098 1649 Aps-497
1117 1591 1142 1631 et
1161 1579 1212 1645 573
1234 1599 1275 1652 sq.
1296 1581 1347 1634 His

255 1665 335 1737 igitur
348 1662 480 1717 attributis
491 1660 613 1715 omnibns
629 1661 840 1730 magnitudinem
877 1659 1019 1715 fluviorum
1031 1661 1149 1715 indicare
1163 1658 1247 1714 voluit
1257 1675 1347 1733 poeta.
1416 1712 1417 1721 ,

260 1751 291 1802 In
304 1750 392 1801 verbis
405 1749 494 1819 itaque
514 1745 581 1798 nihil
593 1757 633 1800 est
645 1745 812 1799 offendiculi.
824 1745 876 1799 sed
888 1743 985 1798 vitium
997 1746 1026 1798 in
1040 1764 1072 1798 eo
1084 1757 1138 1812 est,
1151 1745 1226 1818 quod
1245 1749 1347 1802 tenuis
1416 1760 1417 1807 j

156 1901 166 1910 -
226 1854 232 1871 s
261 1832 384 1888 simolilo
402 1834 515 1886 n'cctitnr
531 1829 749 1885 antecedentibus
766 1829 948 1902 comparatio,
963 1840 989 1882 et
1004 1849 1047 1882 res
1064 1829 1249 1901 magnitudine
1264 1833 1347 1886 nimis

260 1919 371 1972 diversas
381 1960 388 1983 ,
398 1921 482 1987 ingens
495 1919 610 1968 draconis
629 1918 725 1975 cervix,
739 1914 884 1986 magnique
901 1913 1017 1965 nominis
1035 1913 1108 1966 fluvii
1126 1913 1195 1966 inter
1207 1933 1237 1966 se
1252 1917 1347 1969 conle-

258 2015 363 2058 runtur.
375 1999 443 2067 sed,
456 2001 494 2053 nti
506 1999 685 2061 Burmannus,
700 2008 727 2051 et
740 1998 842 2052 Ernest.
850 1994 879 2049 in
889 1997 957 2049 Dias.
969 1997 1005 2060 11,
1018 1995 1052 2049 de
1065 1996 1221 2050 elocutionis
1237 2011 1345 2069 poetar.

259 2089 306 2142 lat.
321 2085 437 2152 luxurie,
449 2105 478 2157 p.
492 2085 537 2153 89,
553 2095 626 2136 recte
644 2093 821 2144 monuerunt,
835 2082 991 2133 obversatus
1005 2079 1102 2132 Nostro
1116 2092 1155 2132 est
1167 2079 1347 2152 Apollonius,

260 2169 441 2241 1v‚151,qui
458 2166 603 2220 draconem
621 2167 657 2218 ait
673 2166 746 2219 mille
758 2165 916 2239 explicuisse
928 2164 1023 2228 orbes,
1040 2181 1094 2215 non
1112 2181 1187 2216 secus
1202 2182 1234 2216 ac
1247 2162 1347 2217 fluctus

260 2269 316 2313 ater
327 2270 353 2310 et
361 2253 458 2310 surdus
467 2267 493 2308 et
503 2251 649 2307 admodum
660 2253 776 2304 fremens
785 2252 813 2303 in
823 2269 929 2323 equore
938 2269 1035 2321 magno
1044 2267 1072 2301 se
1083 2249 1192 2302 volvens
1202 2271 1210 2315 ;
1221 2249 1260 2302 sic
1271 2250 1346 2303 enim

259 2339 378 2410 intelligo
393 2336 506 2389 Graeca:
521 2333 611 2407 pistave
634 2330 665 2386 <li
683 2335 759 2405 μυρία
775 2335 870 2394 κύκλα,
888 2325 945 2386 Oios
964 2334 1004 2384 ὅτι
1024 2333 1150 2402 βληχροῖσι
1170 2325 1345 2405 κυλινδόμενον

260 2422 398 2494 eclipseos
413 2424 490 2490 Κῦμα
507 2419 599 2486 pelas,
617 2416 694 2484 stupis
710 2434 739 2465 re
759 2413 801 2466 καὶ
820 2409 936 2484 ἆῧρομον.
951 2409 1014 2462 llaec
1026 2409 1150 2462 Valerius
1163 2427 1240 2463 more
1255 2411 1346 2464 imita-

260 2516 349 2558 torum
364 2502 448 2574 magis
459 2505 622 2553 exornasset
633 2489 791 2548 calamistris
800 2495 908 2547 inurere
920 2493 970 2545 sibi
980 2494 1051 2547 visus
1063 2505 1103 2546 est
1113 2518 1136 2546 n.

294 2588 406 2658 Reflrsem
420 2582 524 2635 dicitur*
533 2579 568 2632 de
580 2577 689 2631 flumine
703 2578 731 2629 in
745 2576 869 2642 alveum,
885 2589 945 2649 post
961 2576 1167 2630 exundationem
1180 2619 1189 2644 ,
1201 2596 1232 2632 se
1246 2596 1344 2633 recon-
1418 2587 1419 2608 ¹

261 2670 339 2725 dente
350 2688 357 2734 ;
369 2669 406 2724 sic
415 2669 489 2739 Virg.
501 2668 563 2718 AEn.
574 2662 654 2729 VIII,
666 2664 719 2715 86:

397 2805 474 2852 Tibris
485 2818 513 2850 ea
523 2800 633 2855 fluvium,
645 2816 717 2861 quam
727 2800 799 2860 longe
810 2809 858 2853 est,
870 2808 941 2845 nocte
950 2808 1079 2845 tumentem

400 2878 490 2932 Leniit,
504 2886 527 2923 et
536 2872 607 2921 tacite
619 2874 715 2937 refluens
726 2873 759 2919 ita
770 2872 874 2920 substitit
885 2873 957 2919 unda.

263 3021 306 3076 Id.
315 3025 376 3076 AEn.
386 3020 435 3084 IX,
447 3017 498 3069 32:

408 3171 428 3203 .·
439 3190 507 3203 .....
515 3174 523 3201 s
534 3186 634 3200 .......
650 3163 690 3199 aut
700 3152 785 3215 pingui
793 3152 889 3199 flumine
902 3125 983 3206 Nilus,

401 3232 480 3288 Quum
491 3228 564 3292 refluit
572 3227 671 3289 campis,
681 3237 705 3274 et
714 3230 765 3289 jam
774 3240 800 3275 sc
808 3227 916 3274 condidit
925 3229 1001 3273 alveo.

260 3350 372 3419 Iteflsoem
383 3365 451 3397 mare
460 3344 533 3416 apud
546 3342 614 3395 Plin.
625 3344 665 3405 11,
680 3361 727 3412 97,
740 3341 872 3412 significat
884 3358 971 3393 ‹essssm
982 3347 1059 3395 maris
1072 3347 1238 3398 decedentem,
1253 3348 1344 3401 Locus

260 3431 405 3504 Apollonii,
415 3429 449 3483 de
459 3429 681 3501 quoWagnerus‚
692 3425 795 3497 aliquid
804 3425 885 3479 babet
892 3426 1002 3497 quidem
1017 3428 1113 3493 simile,
1121 3424 1168 3481 sed
1181 3429 1263 3484 aliam
1272 3451 1342 3504 prm·

261 3513 306 3565 bet
322 3512 477 3583 imaginem.
495 3508 573 3559 Errat
583 3506 742 3577 Wagnerns
758 3506 790 3561 ia
807 3524 885 3559 sensu
905 3508 980 3560 vocis
993 3508 1115 3581 ἄὸρνμον,
1129 3525 1189 3581 que
1207 3510 1345 3582 significat

259 3596 313 3649 hoc
326 3595 402 3660 loco,
415 3596 467 3645 sine
487 3594 598 3658 strepitu.
619 3590 711 3661 Neque
732 3589 804 3641 enim
824 3590 948 3642 convenit
966 3592 1091 3665 strepitus
1107 3610 1170 3644 cum
1183 3610 1290 3647 mmnc.

296 3680 429 3751 Alpheum
440 3687 532 3729 auctor
544 3674 680 3739 nominat,
689 3674 726 3725 ob
735 3690 828 3727 cursam
839 3673 1042 3745 longitudinem,
1054 3676 1199 3747 respiciens
1209 3674 1246 3729 ad
1255 3677 1344 3749 longi·

262 3763 383 3819 tudinem
406 3760 468 3814 colli
485 3759 625 3822 draconis,
646 3756 754 3829 quoda
776 3759 874 3811 vellere
893 3758 921 3809 vi
934 3759 1023 3810 somni
1039 3758 1078 3811 sic
1089 3759 1226 3813 mederet
1249 3764 1344 3828 (atque

262 3853 346 3918 ingens
372 3860 446 3895 extra
467 3864 513 3894 sua
536 3846 630 3893 vellem
654 3844 767 3909 cervix),
794 3854 826 3895 ut
842 3846 986 3910 Hesperium
1009 3845 1112 3895 veniens
1129 3846 1238 3911 Absbeos
1258 3848 1283 3895 iu
1304 3865 1343 3895 or-

261 3939 321 3986 bem.
335 3932 395 3983 Non
414 3939 501 3981 tamen
516 3927 574 3979 haec
590 3927 694 3998 singula
713 3925 890 3997 premendum
908 3938 962 3979 est:
982 3927 1045 3980 sutis
1060 3927 1094 3979 sit
1111 3928 1341 3999 comparationem

259 4017 287 4068 in
300 4012 454 4067 universum
465 4021 594 4064 constare.

296 4148 332 4201 V.
346 4168 391 4218 9²·
406 4154 465 4215 Ipsa
476 4161 551 4213 eaput
560 4148 615 4197 cari
618 4160 753 4214 postquam
765 4149 856 4197 Medea
866 4147 982 4196 draconis

406 4233 474 4281 Vidit
482 4232 632 4319 lumi,Jiuis
645 4232 737 4280 circum
746 4232 861 4299 projecto
874 4231 981 4280 lacertis.
