2859 4975
267 429 326 506 148
365 428 419 491 IN
448 428 537 490 LlB.
560 425 828 489 SEPTIMUM
860 428 1269 502 ARGONAUTICON

262 541 347 613 qnod,
357 557 439 610 quum
448 536 503 590 duo
512 547 599 590 nauto
610 537 790 601 nominentur,
801 536 869 591 duos
879 551 970 609 portus
979 539 1007 590 in
1019 539 1109 591 animo
1118 538 1239 593 hahuisse
1247 553 1325 612 poeta

262 626 372 678 videtur.
387 625 529 692 AEgyptum
541 620 630 690 itaque
640 621 724 671 nolim
733 621 851 684 excludi,
869 634 1006 693 totumque
1018 623 1122 688 locum,
1132 624 1166 675 ita
1187 636 1276 678 tamen
1296 637 1327 677 ut

264 714 374 762 louiusve
383 719 409 758 et
418 710 539 757 claramce
548 705 633 774 legere
642 704 734 767 liceat,
744 705 781 757 sic
792 705 962 758 intellexerim
972 726 978 759 ε
989 708 1049 759 Non
1058 705 1096 758 ita
1105 719 1191 778 stupet
1201 709 1328 760 Etruscus

263 796 433 866 gubernator,
450 790 496 860 qui
510 800 621 859 portum,
629 788 748 854 Tiberis,
765 807 814 840 nec
830 789 935 841 Ionium
954 807 1027 842 mare
1045 789 1262 860 transnavigans,
1280 791 1328 862 qui

201 930 206 938 x
265 880 365 927 Pharon
382 877 476 924 claram
493 890 579 922 serena
595 891 663 930 arce,
684 871 789 941 ignibus
808 871 986 925 collustratum
997 873 1102 937 turrim,
1107 894 1227 941 praeceps,
1240 874 1327 945 plenis

266 960 347 1021 velis,
358 961 437 1017 subiit,
456 974 538 1027 prope
555 955 676 1016 accessit,
693 955 721 1005 in
739 973 770 1005 eo
782 954 841 1018 fuit,
855 964 885 1005 ut
898 955 1024 1019 intraret,
1038 975 1159 1022 nusquam
1176 961 1241 1008 ostia
1257 957 1327 1020 Nili,

265 1061 385 1110 nusquam
394 1043 543 1102 Ausoniam,
556 1037 673 1098 Italiam,
687 1040 765 1096 videt,
785 1052 810 1087 et
820 1036 934 1100 (melius
954 1040 1002 1099 at)
1017 1055 1092 1088 saras
1107 1039 1222 1087 accedere
1234 1040 1331 1103 (uidet)
1416 1090 1417 1103 ,

266 1132 359 1194 Syrtes,
376 1124 410 1176 ad
421 1123 509 1175 brevia
521 1122 564 1173 illu
578 1138 686 1174 arenosa
698 1120 794 1172 Africa
805 1138 861 1171 esse
872 1137 899 1171 se
911 1117 1040 1170 rellatum.
1052 1146 1065 1164 ι,

301 1211 367 1279 Apte
381 1208 497 1278 pingitur
509 1205 554 1257 illa
572 1206 767 1274 comparatione
780 1203 881 1255 Jesonis
895 1202 974 1254 animi
987 1204 1110 1265 allectio,
1124 1203 1171 1274 qui
1185 1222 1215 1255 se
1224 1203 1331 1257 velleris
1416 1198 1417 1235 3

268 1289 341 1342 aurei
356 1291 463 1372 jamjam
484 1299 632 1358 compotem
651 1304 719 1346 esse,
737 1287 793 1346 vel,
811 1297 885 1336 ntea
903 1296 963 1336 utar
980 1285 1148 1356 metaphora,
1166 1304 1219 1357 qua
1234 1300 1331 1353 ,auctor
1416 1280 1417 1333 l

268 1390 331 1424 usus
345 1383 384 1424 est
396 1370 591 1441 comparatione
601 1407 608 1432 ,
618 1381 725 1441 portum
737 1372 791 1440 jam
807 1382 897 1420 tenere
908 1366 1035 1421 crederet.
1046 1367 1159 1423 Ovidius
1170 1370 1206 1421 ait
1217 1369 1251 1423 de
1264 1389 1332 1422 nave
1416 1368 1417 1383 ¹

270 1473 343 1525 quae,
362 1471 444 1526 quum
460 1453 488 1507 in
506 1473 537 1506 eo
555 1465 631 1516 esset,
651 1465 679 1504 ut
698 1465 804 1522 portum
823 1452 941 1514 subiret,
960 1452 988 1502 in
1004 1453 1086 1504 altum
1098 1453 1228 1525 rejicitur,
1241 1457 1333 1508 Amor.
1403 1454 1406 1461 ’

269 1536 307 1602 II,
322 1555 348 1603 9,
361 1537 391 1588 31
404 1549 430 1588 et
443 1556 480 1608 sq.

410 1665 441 1708 Ut
453 1663 553 1715 subitus,
566 1675 640 1722 prope
648 1665 696 1723 jam
708 1679 793 1724 prensa
806 1665 902 1717 tellure,
914 1663 1016 1708 carinam

452 1739 597 1796 Tangentem
608 1747 691 1796 portus
703 1747 787 1782 ventus
798 1737 823 1782 in
834 1739 880 1782 alta
891 1736 959 1797 rapit.

272 1885 331 1936 Non
344 1895 430 1953 potest
446 1883 489 1934 ille
505 1882 578 1935 locus
591 1884 619 1935 in
636 1884 770 1935 CarrIonis
782 1882 896 1936 editione
908 1882 1036 1952 intelligi,
1051 1883 1094 1934 cui
1105 1883 1181 1933 nimis
1193 1884 1335 1952 obsequuti

273 1978 333 2020 sunt
347 1966 469 2018 Heinsius
482 1984 512 2018 ac
526 1967 701 2018 Burmannus.
712 1967 801 2019 Potior
813 1979 851 2019 est
866 1978 892 2017 et
911 1965 1047 2037 archetypi
1059 1964 1158 2018 codicis
1171 1984 1186 2016 a
1199 1966 1273 2018 litera
1288 1968 1333 2017 mi-

274 2050 347 2101 nimo
360 2049 447 2101 minus
458 2048 561 2101 abludit
573 2068 684 2120 sequens
694 2051 770 2102 lectio
781 2070 786 2100 :

413 2179 466 2220 Non
477 2176 508 2220 ita
518 2177 651 2234 Tyrrhenus
662 2187 741 2236 stnpet
750 2174 877 2237 Ioniusque¹
888 2178 1012 2238 magister,

413 2250 460 2306 Qui
470 2251 518 2309 jam
531 2259 566 2303 to,
577 2249 698 2302 Tiberine,
711 2239 794 2301 tuens,
804 2251 937 2311 claramque
948 2265 1030 2296 serena

414 2324 474 2369 Aroe
485 2323 588 2383 pharon,
598 2338 702 2383 praeceps
714 2323 803 2377 subito,
815 2340 929 2384 nusquam
941 2325 1009 2377 ostia,
1022 2340 1137 2385 nmquam

414 2397 540 2442 Ausoniam
552 2396 628 2450 videt,
638 2407 662 2441 et
670 2412 741 2442 saevas
752 2397 862 2443 aooedere
870 2398 957 2456 Syrtes.
1121 2400 1125 2404 ’

279 2558 384 2617 Praeceps
394 2550 549 2603 sententiam
559 2548 666 2601 turbare
676 2550 829 2602 Burmanno
839 2549 989 2611 videbatur,
999 2548 1072 2619 quod
1085 2548 1157 2600 hunc
1168 2549 1257 2600 locum
1268 2566 1340 2599 secus

279 2634 479 2703 interpungehat
489 2652 495 2685 z
502 2652 612 2700 preceps
623 2650 719 2703 nempe
731 2631 801 2685 idem
814 2644 852 2684 est
867 2632 939 2702 quod
951 2637 1064 2698 abreptus
1076 2631 1200 2684 nimirum
1214 2630 1339 2700 procella.

278 2722 367 2767 Serena
375 2735 429 2768 non
440 2726 525 2787 potest
535 2714 690 2785 significare,
698 2716 916 2769 utceneetBnrm.
925 2718 1013 2775 lucida,
1020 2718 1086 2783 ignes
1094 2717 1220 2765 ostendeus
1228 2736 1238 2770 .-
1245 2734 1296 2764 ara
1304 2732 1337 2763 se·

279 2818 339 2849 rena
345 2798 371 2851 lr.
379 2799 397 2851 l.
406 2817 459 2851 non
467 2809 505 2851 est
515 2801 599 2859 turris,
608 2797 655 2849 sed
664 2801 749 2849 calum
755 2836 763 2860 ,
770 2796 993 2874 quemadmodum
999 2797 1155 2850 hooValerii
1164 2796 1273 2861 loco,V,
1283 2796 1339 2847 305:

282 2886 392 2948 Qualiter
402 2903 434 2933 cx
450 2886 504 2933 alta
516 2901 589 2948 quum
605 2885 699 2949 Jupiter
713 2900 770 2932 arce
780 2897 899 2933 coruscat.
914 2885 970 2930 Arx
979 2880 1058 2951 igitur
1068 2900 1153 2930 serena
1164 2880 1201 2930 nil
1215 2879 1290 2930 aliud
1302 2889 1338 2929 est

281 2984 361 3035 quam
372 2971 456 3018 cuum
467 2984 589 3025 serenum,
606 2965 679 3035 quod
694 2966 754 3018 sinit
766 2977 853 3036 aperte
868 2964 985 3036 conspici
994 2964 1087 3017 turrim
1107 2966 1219 3031 (claram
1225 2964 1340 3030 pharon)

171 3113 197 3131 ‚,
281 3050 315 3104 ad
335 3049 431 3102 ostium
451 3048 553 3102 Tiberis
575 3060 744 3103 exstructam.
763 3049 840 3103 Hane
861 3059 977 3102 erexerat
1000 3046 1127 3100 Claudius
1149 3048 1178 3098 in
1195 3045 1341 3116 exemplum

281 3132 462 3186 Alexandrina
477 3132 554 3185 Phari
563 3132 636 3199 (vid.
647 3131 754 3189 Sueton.
769 3132 861 3186 Claud.
875 3150 933 3203 cap.
949 3151 981 3184 ao
991 3134 1013 3200 ),
1025 3143 1055 3183 ut
1065 3131 1100 3183 ad
1113 3141 1260 3183 nocturnos
1273 3130 1342 3199 ignes

284 3236 393 3271 cursum
405 3216 511 3287 navigia
524 3214 680 3287 dirigerent,
1356 3218 1361 3225 “

319 3376 352 3424 V.
368 3376 409 3443 87.
423 3380 483 3423 Tum
494 3389 586 3434 tamen,
602 3375 703 3441 infando
717 3391 772 3439 quae
784 3375 826 3421 det
835 3391 948 3439 responsa
961 3386 1075 3437 manno,

427 3460 531 3523 Colligit.

286 3576 353 3640 Quae
371 3576 403 3626 sit
419 3574 458 3628 vis
471 3574 545 3626 verbi
555 3578 647 3642 colligue
657 3574 720 3627 licet
729 3573 791 3627 inde
804 3575 962 3647 intelligere,
978 3576 1050 3647 quod
1062 3595 1094 3629 eo
1108 3594 1161 3627 nou
1172 3575 1250 3627 semel
1264 3575 1342 3626 utitur

287 3658 429 3729 Virgilius,
445 3657 492 3709 nbi
514 3658 571 3730 quis
589 3676 679 3711 omnes
700 3658 786 3725 vires,
808 3678 948 3713 omnemne
977 3659 1164 3731 prudentiam,
1185 3658 1239 3712 sive
1265 3676 1344 3728 oppu-
1413 3715 1417 3732 Ι

287 3739 386 3814 gnandi
395 3740 450 3793 sive
461 3740 646 3813 propugnandi
657 3760 736 3795 causa
746 3742 909 3814 ‚recolligite
923 3762 954 3795 ex
967 3762 1006 3814 gr.
1018 3746 1078 3795 AEn.
1089 3744 1125 3806 X,
1136 3750 1202 3805 41²3
1215 3742 1277 3805 XII,
1287 3748 1342 3808 491.

323 3896 358 3949 V.
374 3894 430 3947 103.
442 3902 477 3947 Ar
492 3899 607 3964 trepida,
617 3900 742 3949 ee'medios
758 3901 822 3949 inter
836 3902 931 3949 deserta
943 3897 1212 3965 parentes-Medea,
1229 3894 1343 3966 quamvls

289 3980 499 4051 interponentes,
513 3980 568 4032 sola
582 3982 633 4035 sibi
645 3980 748 4035 videtur
766 3982 893 4053 relinqui,
912 3981 1063 4038 discedente
1080 3984 1143 4047 illo,
1159 3982 1204 4053 qui
1219 3983 1272 4051 jam
1289 3992 1343 4030 turn

289 4061 339 4132 ipsi
351 4075 389 4115 est
400 4082 468 4115 unus
483 4063 600 4116 omnium
617 4065 694 4117 loco:
710 4067 733 4118 is
748 4077 788 4118 est
802 4080 900 4120 sensus*
909 4068 979 4119 vocis
993 4071 1101 4128 deserta,
1115 4085 1193 4136 quam
1207 4082 1261 4115 non
1273 4060 1344 4112 intel·

290 4144 352 4199 lexit
363 4148 535 4218 Wagnerus,
548 4160 658 4202 autnon
673 4150 734 4203 satis
749 4150 882 4221 explicuit.
