2859 4975
290 432 331 512 74
409 428 460 491 IN
490 430 575 494 LIB.
600 432 800 499 SEXTUM
828 434 1224 505 ARGONAUTICON

210 592 211 595 Ἴ
287 551 407 609 prompta
423 559 439 593 e
455 540 589 594 Carrionis
602 542 707 607 codice,
726 546 823 598 nullius
842 558 883 598 est
898 548 1033 601 momenti.
1049 549 1155 603 Priscus
1164 552 1251 607 Vatic.
1266 554 1355 609 codex

287 621 391 675 videtur
405 622 502 676 habere
514 630 625 697 Mycaei,
637 627 683 697 qui
701 640 807 698 possent
824 647 880 681 esse
900 630 991 699 Myci,
1007 650 1071 701 gens
1092 633 1159 686 ssia
1176 636 1251 703 (vid.
1269 636 1355 689 Hero·

290 704 344 760 dot.
355 708 413 772 111,
426 709 460 775 93
472 710 497 775 ),
507 708 600 762 Persia
609 710 705 763 vicina.

324 856 359 907 V.
374 856 433 907 130.
452 861 601 925 Cessaeaeque
615 878 711 911 manus.
726 891 762 900 -
775 864 838 913 Cissi
843 863 892 916 ‘vel
904 865 989 914 assei
993 900 1002 923 ‚
1019 862 1134 917 Susiana
1149 865 1274 937 populus.
1287 868 1353 921 Sunt
1419 877 1420 882 ’

287 955 394 1008 quoque
409 952 510 993 montes
522 940 550 992 in
560 941 674 996 Asiatica
684 944 830 1011 Sarmatia,
845 949 908 997 Cissi
914 947 1014 1011 vocati3
1026 947 1078 1001 vid.
1090 948 1157 1002 Plio.
1165 951 1222 1014 vl,
1237 968 1263 1020 7.

324 1086 357 1138 V.
369 1087 429 1139 131.
440 1092 534 1156 [gnatis
545 1094 644 1152 insons,
655 1094 799 1161 Arimaspe,
810 1096 922 1147 metallis.
935 1126 971 1135 —
979 1095 1109 1168 Arimaspi
1122 1098 1191 1150 ultra
1202 1097 1314 1169 Scythas
1327 1110 1355 1151 et
1419 1165 1420 1168 Ἴ

290 1168 436 1223 Essedonas
445 1170 598 1225 habitabant
609 1191 617 1238 ;
627 1174 680 1227 vid.
692 1174 820 1229 Herodot.
830 1176 882 1241 IV,
896 1178 936 1230 13.

326 1306 363 1357 V.
378 1294 435 1370 134.
445 1312 503 1359 Non
514 1328 558 1378 ego
569 1312 712 1378 sanguineis
719 1326 856 1381 gestantem
867 1327 985 1380 ympana
993 1316 1060 1364 bellis

286 1390 288 1395 ‘
451 1394 624 1460 Thyrsageten.

292 1512 451 1577 llsyrsagetoe
473 1510 545 1581 apud
569 1510 734 1567 Herodotum
756 1513 872 1585 aliosque
894 1525 1015 1567 auctores
1035 1526 1162 1569 vocantur
1188 1519 1355 1584 Thyssagetae.
1419 1515 1420 1546 ³

290 1591 411 1645 Valerius
437 1593 489 1646 hoc
512 1611 612 1647 nomen
634 1595 743 1667 paulum
764 1596 924 1664 immutavit,
944 1609 1022 1651 ntea
1042 1616 1100 1669 qum
1116 1599 1197 1652 refert
1209 1598 1243 1651 de
1260 1616 1354 1653 eorum
1419 1605 1420 1630 ¹

291 1687 366 1741 ortu,
378 1694 409 1731 ac
423 1675 457 1729 de
470 1675 569 1730 lanceis
580 1678 732 1749 thyrsorum
747 1679 895 1747 similibus,
909 1698 971 1733 cum
983 1682 1092 1734 nomine
1103 1695 1288 1753 congruerent.

326 1829 361 1881 V.
376 1836 481 1899 142.Es
494 1837 554 1883 an
567 1836 725 1885 memoratrix
736 1838 793 1885 tibia
804 1856 907 1904 pugnae.
923 1866 957 1875 -
970 1836 1107 1889 Cretenses
1121 1856 1153 1890 ac
1164 1836 1355 1890 Lacedaemonii
1419 1843 1420 1862 ³

291 1912 409 1966 similiter
418 1913 451 1967 ad
462 1923 595 1987 pugnam,
607 1929 717 1970 canente
726 1918 787 1971 tibia
797 1957 805 1985 ,
815 1917 995 1989 procedebant
1006 1940 1014 1984 ;
1027 1916 1081 1973 vid.
1094 1920 1185 1991 Polyb.
1197 1919 1248 1985 lv,
1261 1939 1303 1972 ιο.

326 2067 360 2118 V.
377 2068 435 2130 143.
451 2071 540 2136 lungit
551 2090 607 2137 apes
621 2075 732 2122 Eumeda
745 2091 813 2123 suas.
823 2102 858 2111 -
866 2069 1020 2142 Legendum
1036 2070 1142 2124 videtur
1154 2075 1268 2132 Emoda,
1280 2090 1357 2126 mons

293 2150 377 2214 Asiae,
391 2150 470 2203 Sacas
486 2152 521 2207 ab
534 2151 610 2205 India
621 2152 819 2207 disterminans.

327 2306 363 2359 V.
377 2304 434 2359 150.
444 2310 543 2383 Impulit
555 2323 578 2359 et
594 2311 678 2359 dubios
694 2312 801 2374 Phryxei
816 2312 914 2362 velleris
929 2313 1007 2360 ardor

446 2394 579 2452 Centoras,
595 2406 620 2443 et
632 2394 698 2451 diros
714 2395 810 2461 magico
827 2405 917 2445 tenure
930 2397 1056 2446 Choatras.

295 2531 407 2585 Censores
419 2540 480 2581 sunt
493 2528 590 2600 ignoti3
605 2533 715 2582 Choatrae
727 2542 788 2583 sunt
800 2530 932 2584 Sarmatiae
942 2530 1052 2602 populi,
1061 2528 1096 2582 ud
1108 2529 1221 2582 Tanaim
1237 2528 1356 2583 habitau-
1419 2520 1420 2541 ¹

294 2623 332 2664 tes
342 2629 349 2674 ;
361 2609 416 2664 vid.
429 2610 497 2663 Plin.
508 2611 565 2678 VI,
576 2631 600 2682 7.

331 2749 364 2799 V.
379 2749 451 2818 174..
463 2785 469 2798 .
480 2779 505 2799 ..v
515 2785 699 2802 ...........
705 2770 836 2818 quamme
847 2753 1122 2810 dealassatltabendo,

434 2835 488 2883 Nec
493 2847 567 2900 pater
577 2836 711 2884 horrentem
721 2837 839 2893 colubris,
852 2837 972 2900 vultuque
979 2836 1129 2884 tremendam

437 2918 575 2982 Gorgoneo.

257 3054 261 3060 ’
295 3053 385 3097 Lassat
404 3049 526 3098 labendo.
546 3047 645 3100 Confer
654 3047 750 3119 Virgii.
764 3051 827 3101 AEn.
846 3049 915 3114 XII,
928 3047 979 3100 88:
1000 3031 1077 3098 Simul
1092 3062 1164 3116 aptat
1177 3050 1291 3099 habendo
1305 3051 1357 3096 En·
1419 3118 1420 3121 Ἰ

178 3136 180 3146 ’
294 3151 393 3198 samque
403 3135 570 3200 cirpeumque.
582 3137 678 3184 -Nea
684 3148 765 3200 pater.
776 3132 848 3196 Quid
858 3142 931 3202 pater
943 3130 986 3183 hic
997 3129 1046 3182 sibi
1059 3130 1123 3181 velit
1131 3149 1185 3183 non
1194 3129 1256 3182 satis
1266 3129 1355 3201 liquet.
1419 3124 1420 3149 ³

295 3216 382 3268 Potuit
394 3203 481 3267 tamen
495 3230 588 3268 auctor
600 3217 651 3269 hac
664 3235 730 3271 voce
746 3218 839 3269 lovem
853 3214 1007 3285 designare,
1018 3215 1094 3284 cujus
1110 3214 1218 3285 propria
1231 3227 1272 3265 est
1281 3213 1357 3283 segis,
1419 3226 1420 3269 t

295 3297 393 3367 quippe
413 3296 460 3366 qui
483 3299 589 3369 αἰγίοχος
609 3308 719 3350 vocatur
737 3296 861 3349 Homero.
879 3295 981 3364 Jupiter
999 3312 1094 3364 nempe
1115 3313 1147 3347 ac
1167 3293 1289 3345 Minerva
1304 3312 1358 3344 non

296 3398 398 3451 semper
418 3391 529 3432 utuntur
546 3379 644 3451 aegide,
658 3383 802 3447 privatasque
820 3381 904 3428 sinunt
920 3396 1064 3428 concurrere
1075 3396 1184 3446 pugnas.
1198 3376 1261 3429 Mox
1279 3394 1357 3436 eam,
1419 3446 1420 3451 1

296 3463 412 3515 fervente
424 3481 531 3534 pugna,
545 3475 571 3515 et
584 3474 708 3535 poscente
721 3461 850 3532 periculo,
863 3460 1031 3532 depromunt.

331 3617 367 3668 V.
382 3621 438 3686 176.
449 3621 501 3668 Nec
512 3618 644 3667 semineces
653 3619 785 3666 ostendere
796 3617 875 3665 crines
885 3620 984 3683 Tempus
995 3616 1267 3666 adhue—Semineces
1280 3614 1357 3662 crines

295 3697 414 3750 indicant
426 3697 515 3750 vitales
529 3697 650 3769 reliquias
668 3715 802 3770 superesse
816 3699 946 3768 anguibus
957 3697 1075 3750 Medusae
1088 3708 1169 3767 caput
1183 3695 1356 3766 cingentibus.
1419 3690 1420 3753 Ῐ

296 3781 338 3836 Sic
355 3781 482 3852 Virgilius
504 3780 581 3852 fingit
602 3781 726 3851 Gorgona
750 3781 856 3835 desecto
878 3795 1011 3834 vertentem
1029 3782 1127 3834 lumina
1155 3779 1233 3832 collo.
1249 3779 1293 3832 sic
1312 3778 1356 3832 Sil.
1419 3782 1420 3827 3

298 3864 359 3917 Ital.
373 3864 427 3930 IX,
439 3865 505 3928 463:

437 3985 536 4029 Erexere
547 3998 627 4028 omnes
638 3983 747 4028 immania
756 3983 861 4028 membra
871 3982 991 4040 chelydri,

437 4057 525 4118 AEgide
536 4066 657 4102 commota.

299 4182 338 4238 Id.
351 4185 436 4250 VIII,
453 4183 502 4254 519
516 4202 522 4235 :
535 4200 557 4236 et
565 4187 636 4235 erecti
645 4189 760 4236 sedassent
766 4187 869 4251 pectoris
884 4202 989 4250 angam.
