2859 4975
268 407 677 490 Anconaumeou,
709 408 796 473 mn
815 405 917 471 v111.
1078 427 1142 492 209

100 537 276 620 Chimerii,
294 562 398 622 soror,
412 539 610 605 AEsonides?
628 541 784 630 relegitne
801 539 912 628 priora
1104 556 1144 596 ⁵⁶⁰

69 699 72 706 «
100 653 240 748 Litora?
261 656 312 720 vel
327 671 443 743 portus
461 657 540 722 alios
561 657 732 722 subiturus
755 672 789 720 et
805 652 926 720 urbes?
942 685 955 710 ι
994 655 998 663 ’

101 769 212 834 Fallax
225 787 264 834 ut
274 770 410 852 juvenes
426 771 562 854 Graios,
574 772 764 861 pubemque
777 752 943 860 Pelasgam

99 884 249 974 Excipiat
263 884 370 968 ferro,
389 903 488 974 atque
501 873 635 952 inimico
649 888 771 976 remige
787 884 929 966 claudat3

101 1001 219 1083 Quum
238 1001 350 1064 subito
360 1001 536 1066 AEsonides
555 1002 663 1068 densis
684 1001 775 1066 subit
791 1017 884 1065 actus
898 999 939 1065 ab
954 1000 1097 1082 umbris,

100 1115 297 1204 Attollitque
329 1139 430 1181 manu
453 1117 615 1182 nudatum
640 1117 783 1182 fervidus
806 1138 931 1182 ensem.
1105 1134 1146 1176 us
1194 1195 1205 1212 ι

101 1233 145 1295 At
158 1225 254 1321 virgo
269 1233 372 1297 velata
388 1232 522 1324 oeulos,
537 1250 570 1298 et
590 1233 697 1300 fronte
712 1232 864 1317 reducta,
1204 1209 1208 1218 ι

100 1347 246 1410 Cernere
262 1367 330 1409 non
349 1346 459 1435 potuit
478 1347 647 1411 morientis
665 1349 800 1412 vulnera
818 1326 943 1412 fratris:

43 1495 46 1502 Α
100 1460 276 1549 Impietate
289 1461 341 1549 pia
356 1477 416 1526 est.
436 1461 550 1544 Qualis
564 1461 688 1526 cervice
698 1461 861 1542 juvencus

99 1574 238 1639 Saucius
253 1597 272 1638 a
285 1575 407 1664 Libyco
423 1576 563 1640 reboans
579 1576 721 1638 immane
735 1574 832 1640 leone

100 1671 141 1755 se
157 1705 257 1772 rotat,
276 1707 308 1754 et
325 1691 411 1780 gyris
428 1689 642 1770 redeuntibus
657 1690 801 1778 implicat
816 1690 927 1755 orbes:
1103 1709 1142 1749 555

102 1805 191 1868 Talis
209 1805 250 1868 ab
267 1804 425 1869 AEmonio
444 1825 619 1893 percussus
636 1805 795 1868 Ponticus
812 1827 890 1870 ense

14 1893 15 1908 ἵ
99 1920 279 2009 Absyrtus,
298 1919 373 1984 licet
390 1919 568 2003 attonitus,
582 1935 616 1983 et
631 1918 730 1983 corde
747 1919 854 2008 gelato

100 2035 245 2117 Saxeus,
259 2057 347 2099 arma
362 2051 471 2099 tamen
482 2033 680 2115 juvenilibus
694 2049 769 2124 apta
782 2035 909 2099 lacertis

101 2150 266 2240 Corripit,
281 2165 316 2214 et
333 2173 417 2214 saevo
431 2150 495 2214 fert
510 2149 697 2214 comminus
712 2172 770 2213 ora
788 2166 939 2238 tyranno.

100 2265 275 2332 Vestibulo
289 2266 323 2330 in
339 2267 462 2354 primo,
482 2281 657 2355 postquam
673 2266 837 2335 manantia
851 2268 972 2332 frustra
1103 2293 1142 2332 555

101 2381 247 2446 Vulnera
263 2382 400 2446 tentavit
417 2381 554 2472 geminis
572 2403 781 2469 compescere
795 2383 928 2469 palmis,

101 2498 260 2562 Luctatus
276 2498 436 2578 multum,
459 2495 561 2561 calida
574 2497 764 2587 procumbit
781 2519 897 2580 arena,

15 2642 17 2649 ¹
56 2623 67 2639 ’“
101 2615 282 2703 Dianaeque
296 2613 425 2678 tholum
441 2613 643 2678 moribundo
659 2614 785 2678 lumine
804 2615 928 2700 cernit,

103 2731 216 2811 Quem
229 2731 352 2817 Brygos
367 2749 508 2791 sacrasse
526 2727 614 2791 viros
627 2727 691 2791 fert
705 2744 793 2791 certa
806 2745 960 2795 vetustas.

34 2856 37 2869 “
102 2844 232 2909 Avertit
252 2843 356 2908 Diana
374 2843 504 2924 oeulos,
530 2843 729 2931 scelerisque
748 2843 881 2908 nefandi
1101 2866 1140 2922 ⁵70

102 2959 243 3023 Horruit
261 2981 333 3022 orsa
351 2974 445 3021 atrox
462 2975 495 3022 et
509 2982 582 3045 quae
602 2957 714 3022 domat
728 2960 839 3021 omnia
854 2960 1006 3050 Erinnys.

105 3074 196 3157 Quin
215 3074 324 3137 faciles
342 3066 450 3138 medio
467 3088 665 3161 gemuerunt
680 3070 787 3136 flebile
803 3091 907 3161 ponto

103 3188 283 3270 Nereides,
308 3189 490 3275 Tritonque
508 3187 588 3251 tuba
611 3187 765 3250 cecinisse
784 3191 934 3275 querenti

104 3306 234 3385 Fertur,
251 3319 284 3365 et
301 3303 470 3391 exsequias
482 3302 594 3383 juveni
612 3300 744 3367 duxisse
761 3319 942 3391 perempte.

104 3418 335 3485 Membrorum
354 3433 513 3480 extremas
540 3432 572 3479 et
592 3415 690 3480 vestis
713 3417 877 3481 Anaurius
898 3418 996 3485 heros
1101 3442 1139 3501 ⁵⁷⁵
1189 3475 1191 3484 5

106 3533 293 3597 Concidens
311 3550 438 3621 partes,
461 3546 510 3594 ter
525 3530 692 3594 hiantibus
707 3531 819 3594 oscula
830 3532 940 3621 jungit
966 3546 969 3550 '

106 3646 323 3729 Vulneribus,
340 3646 461 3711 caedem
480 3662 530 3710 ter
545 3646 689 3733 respuit,
706 3646 872 3733 impiaque
889 3670 965 3713 ausa

106 3764 272 3837 Devovet,
292 3782 328 3825 ac
344 3782 433 3825 saevae
447 3775 496 3824 ter
512 3759 628 3823 lustrat
643 3758 786 3848 imagine
803 3760 916 3843 caedis,

108 3878 277 3943 Exstincto
294 3893 479 3964 terramque
497 3876 621 3955 levem,
638 3874 864 3965 placidamque
881 3878 1043 3966 quietem,

108 3995 341 4083 Tartareasque
356 4014 469 4074 canes,
488 3992 603 4057 mitem
620 4008 652 4054 et
669 3991 782 4056 Minoa
799 4010 966 4081 precatus,
1099 4021 1139 4061 sto

109 4109 228 4197 Elysias
247 4107 357 4190 sedes,
378 4124 411 4172 et
427 4129 555 4172 amoena
571 4105 672 4169 vireta
686 4105 830 4193 piorum.

173 4292 214 4355 II.
