2859 4975
325 424 726 489 ARGOIIAUTICON
759 425 845 491 L1B.
869 427 932 491 Vl.
1120 432 1158 496 31

128 560 292 649 Opprimit
305 556 454 621 admissis
466 556 556 621 Ierus
568 554 658 621 huno
669 557 837 623 Gesander
848 557 994 623 habenis.

127 676 182 739 Ille
201 696 338 737 manum
355 670 521 761 trepidans
537 686 635 759 atque
653 672 743 735 irrita
759 694 849 737 sacra
865 673 1024 739 tetendit:

128 790 265 875 «Teque
281 786 456 875 perhanc,
469 786 592 873 inquit,
608 786 738 874 genitor
748 787 810 852 tibi
823 787 850 852 si
862 805 989 878 mauu,
1001 812 1061 855 oro
1122 809 1161 851 sss

90 886 92 894 Α
126 900 306 982 Canitiem,
319 920 488 988 compesce
503 900 626 981 minas,
640 916 673 964 et
688 901 797 967 sicubi
808 918 887 966 nato

127 1016 227 1079 Parce
240 1034 351 1079 meos.
364 994 599 1097 Dirit;.contra
608 1015 653 1079 sie
667 1014 773 1079 victor
788 1016 902 1081 adacto
927 1027 929 1030 '

126 1130 212 1193 Ense
228 1129 345 1193 refert:
360 1128 539 1211 «Genitor,
554 1130 643 1218 turpi
661 1129 780 1195 durare
793 1148 922 1196 senecta

127 1246 235 1327 Qrem
249 1243 332 1307 mihi
344 1244 423 1307 reris
437 1242 564 1326 adbuc,
577 1244 647 1331 ipse
659 1242 722 1309 hae
735 1245 931 1309 occumbere
944 1245 1056 1311 dextra

127 1358 260 1439 Maluit,
278 1372 377 1445 atque
393 1357 481 1421 ultro
500 1378 615 1445 segnes
633 1357 829 1446 abrumpere
845 1372 957 1423 metas.
1123 1384 1161 1422 ³10

124 1473 164 1536 Et
177 1472 239 1535 tibi
253 1469 281 1533 si
292 1472 395 1559 pietas
408 1472 494 1552 nati,
512 1472 538 1534 si
553 1470 665 1535 deutra
680 1473 813 1554 fitissct,

123 1584 220 1648 Haud
231 1584 332 1649 medii
343 1586 493 1673 precibus
507 1600 627 1650 tereres
642 1608 734 1651 nunc
747 1603 897 1676 tempora
912 1589 1005 1671 belli,

124 1700 236 1763 Praeda
254 1702 366 1765 littura
383 1722 512 1765 cauum.
532 1700 648 1763 iuveni
667 1724 737 1765 sors
753 1701 899 1789 pulcrior
916 1704 1027 1782 omni;

127 1814 168 1876 Et
181 1830 306 1877 certare
320 1836 421 1877 manu
435 1812 546 1894 decet,
561 1829 594 1878 et
607 1815 747 1879 caruisse
761 1816 944 1903 sepulcro».

115 2017 166 2064 305.
183 2016 286 2069 Genitor,
302 2016 384 2077 iuquit.
394 2014 471 2061 Vatic.
483 2017 575 2061 Borion.
591 2014 661 2061 codd.
677 2024 701 2059 et
716 2012 771 2059 edd.
788 2023 843 2059 ante
862 2014 926 2060 Cart.
946 2041 978 2049 —
997 2015 1050 2069 314.
1064 2018 1094 2062 Et
1109 2033 1158 2063 cer-

86 2106 149 2141 tasse.
166 2094 246 2140 Vatic.
257 2094 348 2140 Boron.
361 2092 434 2139 codd.
445 2102 469 2139 et
484 2093 538 2139 edd.
559 2101 614 2139 autc
634 2094 699 2138 Carr.
718 2095 793 2152 Quam
809 2102 915 2137 certasse.
930 2091 984 2139 ald.
996 2095 1041 2139 Eo.

85 2301 224 2361 utramque
234 2302 259 2341 et
268 2289 436 2361 popularium
446 2300 472 2343 et
482 2289 597 2343 bostium
634 2289 744 2356 fuisset,
754 2288 777 2341 si
789 2287 881 2343 dextra
891 2288 940 2340 filii
950 2289 996 2361 pia
1007 2291 1158 2360 exstitisset,

84 2370 165 2421 aciem
180 2370 290 2438 (hostes
303 2370 373 2426 enim
387 2388 442 2421 nou
456 2368 597 2423 excludeu·
642 2368 764 2421 oliicium
781 2369 888 2423 fecisset
899 2407 908 2433 ,
920 2373 991 2421 haud
998 2374 1109 2439 preet'bus
1127 2389 1161 2427 te·

84 2448 131 2502 dos
140 2468 196 2504 esse
205 2448 300 2504 suadet
308 2448 460 2520 precedens
472 2451 597 2518 ιἰιψαηε),
643 2466 724 2509 reret,
743 2447 871 2501 inutiliter
888 2468 1075 2515 consumeres,
1087 2456 1162 2506 medii

83 2531 166 2581 iterim
175 2543 309 2600 peragrat.
643 2541 754 2598 tempora
765 2532 833 2589 belli,
847 2529 894 2580 ubi
904 2529 1095 2600 pugnandum,
1105 2552 1160 2586 non

119 2609 180 2660 303.
193 2610 326 2680 opprimit,
338 2606 495 2678 improvisus
506 2605 598 2670 adest,
642 2606 810 2684 precandum
833 2617 891 2671 est,
905 2613 995 2676 proeda
1005 2611 1092 2677 fistice
1113 2629 1159 2663 ca·

76 2688 149 2753 seras
160 2691 291 2738 Gesander
299 2687 599 2748 admissis‚laxatis‚tza-
643 2708 711 2740 num.
732 2688 887 2740 sarcasmus
910 2688 1004 2758 priscis
1024 2689 1158 2755 solennis,

82 2769 158 2818 benis.
178 2766 227 2838 Sic·
242 2765 322 2818 Ovid.
344 2766 453 2819 Metam.
476 2765 504 2831 I,
526 2763 598 2828 532,
642 2767 684 2819 vel
703 2785 733 2818 ex
753 2766 869 2818 Homero
887 2779 980 2831 notus,
994 2768 1064 2839 apud
1078 2789 1159 2841 quem

83 2849 190 2896 admisso
209 2865 306 2912 passu;
328 2845 379 2896 Tit
394 2845 453 2898 Liv.
478 2845 522 2910 II,
549 2863 598 2912 19,
642 2846 770 2911 omnino,
785 2845 1160 2918 uticelcujusfavorelaator

83 2945 169 2991 equum
189 2927 334 2992 ιιιίυιίττονιε,Ι
350 2923 456 2988 Noster,
467 2913 505 2990 ll,
528 2925 578 2994 587
589 2941 597 2986 3
644 2929 749 2985 Gurlitt,
763 2924 944 2980 Animadvers.
956 2946 1027 2996 spec.
1038 2925 1066 2993 I,
1076 2948 1104 3000 p.
1113 2931 1158 2993 35,

84 3001 165 3068 VIII,
181 3004 247 3076 139:
263 3004 373 3054 immissis
388 3005 500 3054 habenis.
642 3005 783 3069 observat,
797 3003 891 3059 heroes
904 3005 1025 3079 antiqui,
1045 3007 1066 3058 si
1083 3028 1158 3059 unuin

118 3081 176 3144 3025.
186 3085 234 3132 Ille
248 3084 317 3135 irrita
334 3101 408 3132 sacra
415 3120 423 3144 ,
444 3079 538 3144 vittas,
555 3081 598 3132 vel
642 3088 721 3137 iocum
731 3084 879 3154 exceperis,
891 3086 984 3138 acerbe
995 3083 1106 3138 illudere
1116 3098 1159 3139 oc-

83 3159 170 3224 uliad,
185 3159 260 3235 quod
278 3159 399 3212 manibus
420 3171 538 3226 teneret,
559 3179 599 3212 sa·
642 3163 701 3218 ciris
716 3165 811 3217 solent.

83 3239 193 3292 cerdatii
215 3239 337 3312 Insigne,
362 3243 477 3302 tetendit,
506 3253 530 3292 et
553 3246 599 3290 Per
679 3245 741 3298 313.
753 3245 841 3294 ercni
858 3260 911 3291 sors
925 3245 1053 3310 pulchrior
1075 3247 1159 3308 omni,-

82 3322 161 3380 tanc,
183 3321 275 3386 inquit,
294 3319 407 3371 canitiem
426 3339 484 3380 oro,
497 3323 596 3390 genitor
641 3327 674 3372 Et
683 3337 775 3374 certare
786 3340 862 3371 manu
872 3324 952 3380 decet,
965 3337 990 3373 et
998 3326 1107 3376 caruisse
1117 3345 1157 3376 sc·

83 3399 123 3447 tibi
134 3400 157 3448 si
169 3412 265 3458 manet,
280 3397 300 3448 si
316 3411 391 3470 pater
404 3397 451 3452 tibi
464 3396 551 3452 adhuc
569 3398 596 3450 in
636 3406 732 3470 pulcro.
750 3401 887 3452 Obscurus
909 3400 982 3451 locus
1005 3401 1159 3457 Burmanno

83 3475 148 3527 vivis
157 3489 195 3527 est
204 3514 213 3540 ,
229 3481 354 3544 compesce
372 3479 468 3537 ruinas,
488 3491 511 3528 et
522 3479 598 3528 sicubi
642 3481 728 3544 visas,
741 3477 814 3552 quod
830 3477 902 3531 idem
919 3489 945 3531 et
963 3480 1032 3534 mihi
1049 3459 1157 3536 accidit.

84 3554 170 3625 (adde
180 3549 294 3606 incideris
305 3557 314 3624 )
325 3570 383 3606 nato
391 3576 470 3624 parce
479 3576 542 3609 tneo.
640 3546 824 3612 Burmannum
837 3555 981 3610 offendunt
997 3559 1099 3630 priora:
1111 3566 1157 3631 ju·

118 3635 177 3703 307.
206 3639 295 3685 Contra
317 3637 353 3684 sic
374 3639 457 3688 victor
480 3648 596 3688 armatus
641 3641 697 3690 veui
704 3640 773 3689 omni
778 3656 856 3708 ,quae
869 3649 958 3692 tamen
967 3637 1004 3691 sic
1015 3640 1077 3693 satis
1089 3643 1158 3696 bene

83 3713 177 3764 inermi
189 3709 348 3784 respondet:
370 3738 382 3758 α
397 3717 509 3774 Genitor,
526 3734 596 3782 quem
641 3718 767 3788 explices:
777 3719 906 3786 juvenum
916 3735 989 3769 mors
996 3720 1105 3774 omnino
1114 3722 1157 3773 lae.

83 3795 146 3860 turpi
169 3807 270 3844 senecta
298 3793 400 3853 durare,
430 3793 597 3866 superstitem
641 3797 692 3849 tior
701 3808 726 3850 et
736 3796 817 3865 magis
830 3793 936 3847 decora.
952 3796 1007 3867 Ego
1020 3791 1082 3853 vero
1094 3799 1157 3850 ulti·

84 3871 300 3942 esse‚opinaris,
314 3875 599 3939 pseiacmeaoccum·
642 3895 685 3930 ma
700 3875 824 3948 expedire
838 3893 894 3925 nou
909 3894 1031 3946 possum:
1049 3881 1158 3930 caruisse
1191 3905 1196 3914 ·
1249 3923 1253 3930 .

84 3953 137 4001 bere
146 3955 236 4018 dextra
249 3955 346 4011 maluit,
356 3966 428 4020 atque
438 3957 501 4002 ultro
509 3971 597 4020 segnes
642 3961 767 4024 sepulcro,
784 3972 838 4026 quo
859 3953 881 4004 si
902 3967 1011 4022 carent,
1026 3955 1097 4008 idem
1111 3976 1157 4028 pa·

85 4031 225 4100 abrumpere
237 4023 314 4082 metas
321 4053 331 4092 ,·
342 4031 413 4084 coni.
425 4049 524 4102 supra,
538 4045 598 4097 290,
642 4031 762 4096 tiuntur,
776 4031 849 4104 quod
864 4032 1002 4086 Gesander
1014 4035 1071 4088 seni
1081 4047 1157 4088 antea

84 4121 267 4175 turpesmoras.
383 4103 385 4109 ⁸
592 4103 594 4109 Α
643 4110 1156 4182 mInatur,utpraeda'Iiantcanum.Sed

125 4187 219 4238 lauat
228 4189 270 4238 ribi
280 4191 301 4240 si
304 4191 385 4255 pietas
398 4193 452 4241 nati
458 4228 465 4251 ‚
480 4193 501 4240 si
510 4194 599 4242 dextra
644 4196 693 4242 nec
714 4189 766 4247 hoc
784 4189 877 4245 durius
898 4189 1034 4259 videatur,
1052 4195 1072 4248 si
1089 4191 1155 4265 Scy·
