2859 4975
320 404 714 492 Aneonaurt'eon
744 421 832 483 tm.
856 419 940 480 vn.
1102 414 1163 479 103

136 549 304 636 Phryxus,
322 564 360 612 ut
374 549 484 638 aligeri
502 552 617 614 Circen
636 573 771 639 rapuere
789 549 957 613 dracones.
1126 578 1162 603 120

134 664 217 726 Tum
234 663 393 726 comitum
410 663 482 728 visu
499 663 621 728 lruitur
636 663 816 728 miseranda
835 685 986 742 suarum,

133 777 331 865 Implerique
350 778 478 864 nequit3
495 777 671 865 subitoque
686 777 875 866 parentibus
892 777 993 840 baeret

132 890 294 967 Blandior,
310 906 342 954 et
357 891 465 978 patriae
480 890 669 956 circumfert
687 892 797 955 oscula
816 890 956 956 dextrae:

132 1007 180 1069 Sic
188 989 324 1070 “assueta
340 1006 418 1070 toris
436 1022 469 1070 et
485 1029 604 1070 mensae
620 1005 724 1074 dulcis
740 1006 852 1085 herili,

131 1117 228 1208 AEgra
245 1141 329 1183 nova
342 1121 409 1200 jam
427 1134 518 1208 peste
537 1121 627 1185 canis
643 1120 797 1206 rabieque
815 1121 942 1200 futura,

130 1237 215 1298 Ante
233 1235 345 1323 fugam
363 1250 450 1300 totos
465 1236 580 1300 lustrat
598 1235 804 1324 queribunda
817 1252 963 1323 penates.

129 1346 275 1411 Tandem
291 1349 388 1411 etiam
402 1349 491 1412 molli
509 1372 578 1414 sese
595 1351 693 1414 semel
710 1350 857 1438 increpat
873 1351 937 1412 ira:

130 1463 281 1550 «Pergis,
303 1465 363 1544 ait,
382 1463 536 1544 demens,
554 1479 652 1554 teque
668 1465 755 1529 illius
773 1465 863 1552 angit
879 1465 1001 1552 imago,

129 1579 297 1664 Curaque,
314 1578 370 1663 qui
387 1579 525 1668 profuga
545 1581 654 1644 forsan
675 1597 764 1645 tenet
779 1581 842 1643 alta
858 1579 985 1658 carina,

130 1693 262 1780 Quique
279 1717 389 1760 meum
406 1696 524 1784 patrias
541 1696 657 1762 referet
674 1719 734 1761 nec
750 1720 871 1761 nomen
887 1694 929 1760 ad
945 1694 1060 1777 urbes!
1117 1715 1153 1752 ια,

116 1931 168 1962 raa.
185 1915 287 1978 Explere]
304 1919 394 1964 Botion.
413 1918 467 1965 eod.
482 1921 570 1965 Bonon.
582 1919 593 1964 1
607 1928 631 1964 et
648 1919 686 1972 ll,
702 1929 726 1967 et
736 1918 790 1964 edd.
803 1928 857 1964 aute
869 1918 948 1963 Heius.
962 1918 1062 1979 Impleri.
1074 1916 1149 1963 vatic.

85 2005 106 2040 et
132 1997 195 2042 carr.
219 1997 290 2044 codd.
307 2022 332 2032 —
352 2013 402 2058 ¹27-
428 1999 494 2044 Morti
508 1998 589 2045 semels
606 2001 717 2062 increpat.
736 1999 812 2045 Vatic.
829 1999 882 2044 eod.
904 2015 949 2059 pro
963 2008 1033 2043 semet
1057 1999 1106 2047 sie,
1126 2006 1152 2042 ut

84 2073 142 2118 mibi
157 2075 258 2122 videtur.
274 2076 352 2122 Semel
367 2092 415 2122 rese
432 2079 464 2122 εἰσ
478 2081 595 2140 r'urrepat,
615 2079 657 2124 sed
676 2087 797 2139 expuncto
814 2079 855 2123 eir.
872 2080 964 2123 Bonum
982 2076 1036 2123 cod.
1052 2081 1086 2123 M.
1101 2093 1151 2121 seeo

83 2154 151 2199 sumt
171 2157 281 2218 increpat.
304 2156 362 2201 Edd.
392 2167 446 2204 anta
473 2159 538 2204 Carr.
556 2185 586 2194 -
605 2158 656 2204 128.
678 2161 755 2221 Atque
779 2158 848 2203 illias.
868 2160 959 2204 bonon.
986 2157 1040 2202 cod.
1058 2157 1150 2204 bonon.

84 2234 115 2280 ll..
130 2259 155 2270 -
173 2249 226 2296 tuq.
248 2237 290 2282 car·
305 2235 421 2314 ptqgugat.
434 2237 508 2284 Vatic.
522 2237 575 2285 cod.
591 2241 648 2284 Cure
665 2237 814 2300 teipmsege.
831 2240 921 2284 Botion.
939 2236 992 2283 cod.
1009 2237 1052 2282 lla.
1103 2248 1106 2254 ’

82 2433 142 2484 olim
161 2433 190 2484 in
204 2433 346 2499 Colchida,
361 2437 410 2486 sub
423 2435 522 2509 Phryxi
534 2455 591 2508 per·
636 2452 659 2495 et
669 2457 758 2490 mentre
766 2440 843 2489 duleis
857 2439 941 2497 herili,
952 2433 1064 2486 adulans
1075 2453 1153 2505 para·

83 2532 144 2565 sona
155 2533 233 2565 suurn
246 2513 364 2584 cogitans
377 2516 511 2568 Jasonem.
636 2516 698 2569 situs
708 2558 716 2582 ,
727 2521 796 2569 cauis
808 2538 872 2568 nova
879 2531 949 2583 peste
958 2517 1073 2582 rabieque
1077 2515 1150 2581 finu-
1180 2525 1182 2530 ·

118 2594 261 2646 1²1.Tum
271 2592 306 2646 ad
315 2593 498 2665 aegritudinem
509 2595 589 2647 animi
637 2617 678 2657 ra,
704 2596 790 2648 morbi
813 2596 941 2666 impetum
958 2597 1012 2666 jam
1035 2611 1149 2663 praescns

82 2674 121 2725 sui
136 2672 292 2736 levandam,
308 2678 422 2727 comitum
437 2678 493 2726 visu
497 2678 593 2743 fruitur
636 2676 720 2740 tiens,
735 2678 895 2743 antefiigam'
906 2689 969 2724 totos
987 2677 1074 2724 lustrat
1088 2691 1147 2739 que-

83 2756 221 2803 miserauda
228 2792 236 2813 ‚
252 2756 394 2820 implerique
403 2757 494 2820 nequit.
516 2754 590 2819 Hoc,
636 2759 742 2806 ribunda
767 2762 885 2814 Penates,
910 2770 1002 2805 omnes
1032 2753 1148 2823 qmrrepit

83 2832 224 2899 praesertim
238 2832 274 2883 ob
291 2832 442 2902 praecedens
461 2836 532 2893 rtisu,
552 2832 592 2883 in·
635 2834 754 2904 angulos.
774 2831 855 2897 Quod
873 2832 973 2895 simile,
984 2851 1148 2903 quamquam

82 2911 219 2980 terpretari
236 2910 333 2981 possis:
350 2931 403 2963 non
422 2923 525 2983 poterat
548 2932 589 2965 sa·
634 2912 805 2983 puellaecum
812 2911 971 2963 animalibus
979 2929 1147 2981 comparasse

82 2988 137 3039 tiari
160 2988 298 3057 vidend05
317 2989 355 3040 sic
375 2993 468 3056 expleri
489 2994 586 3059 nequit,
633 3004 723 3064 poetas
733 3004 834 3044 veteres
847 3010 901 3043 non
915 2991 1025 3059 ignoro,
1041 3010 1089 3042 cur
1100 2989 1144 3041 bic

82 3066 173 3137 virgil.
186 3071 245 3121 AEn.
259 3068 338 3130 Vlll,
351 3071 411 3121 618.
428 3069 534 3122 llectius
548 3081 588 3121 ta·
633 3070 893 3141 displiceat‚neacio.
903 3071 989 3122 Tanto
998 3069 1082 3139 magis
1092 3068 1145 3140 pla·

82 3164 139 3197 men
163 3147 276 3199 fortasse
297 3146 330 3198 de
356 3150 438 3197 auimo
463 3144 588 3218 explicite,
633 3161 709 3215 cent,
722 3169 781 3221 quae
794 3163 948 3219 sequuntur.

81 3225 123 3293 qui
143 3226 242 3297 expleri
258 3245 311 3278 non
330 3226 432 3297 potuit,
448 3245 502 3279 non
514 3226 587 3279 inve·
672 3247 731 3299 ¹²7·
750 3232 859 3279 Tandem
875 3232 950 3278 etiam
962 3230 1031 3277 molli
1045 3245 1095 3275 sese
1106 3244 1144 3275 se-

81 3305 115 3355 nit
126 3307 152 3357 in
164 3318 233 3359 coetu
246 3306 392 3371 comitum,
403 3304 476 3378 quod
484 3318 590 3377 optave-
633 3312 682 3359 mel
691 3310 853 3373 increpatur.
860 3306 958 3358 Omnia
967 3305 1010 3357 bie
1019 3306 1088 3358 bene
1098 3304 1143 3357 de·

81 3398 134 3447 rat,
152 3386 284 3445 levamen;
302 3385 420 3437 minutus
443 3398 482 3439 est
502 3386 586 3451 dolor,
633 3386 717 3452 lecta,
739 3386 805 3441 nibil
822 3384 979 3438 abundans:
1000 3388 1138 3437 tandem...

81 3464 123 3515 sed
135 3484 189 3517 non
199 3466 302 3529 omnis,
316 3477 342 3517 et
351 3476 452 3517 tantum
463 3464 497 3517 ad
507 3467 588 3519 breve
633 3468 743 3533 increpat
754 3485 817 3526 sese,
884 3464 931 3517 sed
942 3468 1053 3515 semel...
1067 3468 1144 3515 incre-

82 3552 189 3617 lempus.
398 3536 424 3629 s
630 3560 677 3610 pat
686 3548 739 3603 ira,
752 3543 799 3596 sed
809 3543 990 3595 molli-Vide
1000 3542 1034 3596 ad
1043 3544 1144 3597 calcem

116 3625 173 3676 1²3.
196 3624 330 3694 Exquisite
347 3627 499 3693 circumfert,
515 3624 587 3695 quod
632 3622 711 3695 hujus
724 3623 782 3674 libri
796 3636 852 3675 not.
868 3642 926 3693 ¹²7·
943 3624 996 3675 En.

82 3701 143 3754 mihi
171 3702 315 3755 admodum
340 3705 440 3774 placet:
470 3704 587 3773 repetitis
671 3703 728 3754 1²8.
738 3702 884 3770 Pergis,.sic
895 3703 1039 3773 semetipsa
1051 3722 1141 3773 repre·

81 3784 173 3835 osculis
188 3802 242 3834 non
259 3801 340 3835 unam
358 3802 485 3834 manuum
504 3783 587 3854 patris
631 3780 740 3842 bendit,
753 3784 857 3840 demens,
873 3781 898 3831 in
912 3780 1059 3843 dementia,
1073 3796 1143 3847 teque

81 3874 176 3928 partem
193 3862 298 3933 premit.
317 3862 378 3915 Non
396 3862 430 3913 ita
449 3861 586 3923 Helnsius,
631 3863 695 3909 iltius
714 3863 784 3927 angit
803 3862 887 3927 inrogo
905 3880 1027 3927 citraque,
1054 3860 1142 3912 animo

82 3942 123 4006 qui
141 3942 295 4010 languorem
316 3954 394 4012 atque
418 3942 499 4011 frigus
520 3940 587 3991 intu·
633 3958 702 4007 aegro
714 3939 871 3990 obversatur
880 3958 993 4010 semper,
1005 3943 1048 4006 qui
1057 3942 1142 4011 profu-

81 4017 135 4070 lisso
155 4019 269 4081 videtur,
292 4019 436 4071 emendans
459 4019 500 4072 vel
523 4040 587 4069 iturae
629 4037 664 4084 ga
669 4020 761 4083 forsan
775 4033 839 4067 tenet
851 4022 905 4068 alta
918 4022 1019 4077 carina,
1031 4021 1087 4088 jam
1097 4017 1142 4069 du-

83 4100 162 4164 offerr,
178 4100 216 4150 vel
226 4119 320 4149 rursum
325 4102 379 4168 fite
391 4099 491 4151 oscula.
631 4097 704 4149 dum·
717 4098 795 4169 longe
818 4100 897 4162 abiit,
919 4099 1017 4170 quique
1037 4112 1141 4151 tantun

116 4184 173 4242 1²4·
190 4181 230 4228 Sic
248 4194 345 4229 assueta
359 4181 417 4229 toris
426 4216 433 4240 ,
450 4176 586 4248 pulvinis,
631 4177 704 4231 abest
719 4179 784 4249 quin
798 4177 831 4232 de
850 4198 893 4231 mc
917 4197 1007 4231 aecum
1019 4176 1141 4232 ducenda
