2859 4975
426 419 851 496 ARGONAUTARUM.
1109 420 1169 498 341

102 563 137 610 et
151 567 253 633 quem
269 563 355 610 recte
371 546 541 636 distinguit
558 549 663 612 Lutat.
679 545 811 610 ad-Stat.
824 544 929 610 Theb.
942 545 1000 623 IV,
1013 547 1088 631 742.
1100 543 1172 606 Me·

102 653 177 716 liori
191 652 298 740 specie
313 654 411 716 statui
424 670 532 740 posset
542 656 706 741 Lycurgus
719 654 850 729 Nemeae
861 673 934 726 rex,
948 665 1039 738 pater
1052 650 1174 712 Arche·

103 759 205 836 uwri,
221 757 314 837 cujus
338 759 487 822 meminit
508 760 588 824 Stat.
614 757 758 838 ibidem,
781 756 839 821 ubi
859 755 933 820 vide
947 754 1114 818 Lutatium
1140 770 1174 818 et

102 863 272 926 Barthium
286 863 359 928 :ille
385 864 472 926 enim
491 865 553 928 fuit
580 863 665 928 filius
683 861 865 943 Prouactis,
888 876 927 924 ut
943 859 1070 924 erudite
1096 882 1174 947 pro·

103 969 193 1032 bavit
203 969 243 1032 cl.
259 969 407 1033 Perizon.
419 968 460 1033 ad
473 969 592 1034 AElian.
604 969 662 1051 IV,
676 967 704 1032 5.
719 969 855 1031 Prouux
864 989 942 1030 vero
955 964 1041 1054 iilius
1057 963 1171 1044 Talai,

105 1075 160 1138 ille
178 1075 315 1155 Bruuius,
342 1074 396 1138 hic
412 1076 647 1162 Amythaonis,
664 1074 718 1137 ille
735 1096 813 1137 vero
823 1072 966 1138 Crethui:
975 1088 1013 1134 ut
1038 1071 1082 1134 ita
1096 1070 1174 1146 Au·
1230 1124 1234 1134 .

103 1201 189 1244 coeus
201 1202 240 1243 ex
251 1178 431 1244 Cretheidis
443 1181 552 1245 Jasoni
561 1195 720 1270 cognatus
732 1178 840 1242 fuerit.
851 1177 926 1240 Scio
934 1225 949 1259 „
957 1175 1055 1256 objici
1065 1197 1172 1263 posse,

105 1285 133 1346 si
150 1284 265 1348 seriem
279 1285 365 1348 illam
383 1284 783 1372 majorumrrespiciamus,
800 1283 889 1346 hiruc
901 1285 1057 1346 Ancaeum
1075 1281 1174 1344 simul

107 1411 185 1452 cum
202 1412 325 1477 proavo
342 1413 404 1455 suo
421 1390 519 1454 Talao
536 1392 571 1454 in
587 1390 734 1454 eamdem
753 1387 938 1477 profectum
960 1388 1060 1450 fuisse
1075 1409 1174 1473 expe-

104 1492 284 1575 ditionem,
305 1493 363 1557 sed
379 1495 493 1558 similia
507 1497 654 1583 exempla
670 1496 704 1560 iu
721 1494 791 1559 aliis
807 1508 994 1572 occurrent,
1019 1508 1052 1555 et
1077 1494 1110 1553 in
1127 1492 1175 1554 fa·

103 1599 190 1662 bulis
205 1600 363 1663 rationem
383 1581 566 1687 temporum
577 1624 645 1664 non
653 1615 970 1688 semperaccuratam
978 1598 1054 1662 licet
1069 1596 1173 1660 dedu-

104 1727 189 1770 cere.
198 1705 281 1787 Quia
293 1722 401 1770 tamen
413 1707 477 1770 hoo
493 1707 590 1770 nimis
601 1707 822 1796 incongruum
829 1703 931 1768 videri
939 1719 1049 1792 posset
1060 1703 1173 1784 ,etiam

104 1812 205 1875 statui
217 1827 327 1899 posset
343 1811 428 1876 filius
450 1811 537 1876 illius
551 1814 706 1902 Lycurgi,
731 1813 789 1899 qui
807 1812 891 1876 circa
906 1810 1062 1874 Nemeam
1082 1809 1173 1872 habi·

104 1918 202 1998 tavit,
227 1934 259 1982 et
276 1917 374 1982 frater
397 1918 526 1984 Admeti
543 1919 622 2001 fuit,
639 1935 672 1984 et
688 1919 774 1983 iilius
792 1917 957 1998 Pheretis,
970 1938 1010 1979 ex
1032 1916 1172 1979 Cretheo

103 2025 173 2110 nati
185 2023 346 2112 (Apollod.
364 2025 419 2090 lib.
437 2027 469 2106 I,
487 2049 556 2113 cap.
574 2026 612 2106 8,
629 2035 645 2101 ς
660 2024 712 2111 [4)
724 2072 733 2106 ,
746 2047 845 2112 quem
870 2024 924 2088 ille
941 2022 1074 2111 quidem
1094 2045 1170 2085 cum

103 2131 255 2218 Lycurgo
275 2129 465 2194 Archemori
481 2147 573 2219 patre
589 2130 757 2212 confudit,
776 2129 834 2194 sed
848 2152 909 2219 ego
925 2127 1173 2218 distinguendos

101 2222 184 2322 puto
206 2235 387 2322 Lycurgum
411 2235 592 2316 Prouactt's,
615 2252 648 2300 et
672 2236 860 2322 Lycurgum
883 2234 1024 2298 Pheretis
1049 2232 1173 2315 filium,

101 2340 197 2418 cujus
209 2340 237 2404 si
254 2355 412 2404 statuatur
427 2341 567 2406 Aucoeus
589 2340 693 2423 filius,
709 2341 834 2429 optime
849 2356 997 2428 tempora
1012 2362 1173 2429 congrue·

101 2463 193 2529 rent,
217 2462 249 2511 et
272 2447 406 2535 propior
426 2469 502 2511 cum
525 2449 643 2515 Jasone
665 2448 819 2538 cognatio
845 2447 1112 2535 conspiceretur;
1140 2461 1174 2510 et

101 2576 180 2617 enm
194 2553 279 2618 forte
291 2554 476 2643 intelligunt
485 2555 537 2619 alii
551 2556 740 2644 scriptores,
752 2557 809 2644 qui
821 2556 909 2619 iuter
921 2570 1090 2619 venatores
1103 2556 1173 2643 apri

101 2658 275 2747 Calydouii
290 2681 366 2723 eum
380 2678 563 2725 memorant
576 2687 586 2745 ;
598 2677 636 2725 ut
646 2661 884 2749 Apollodorus,
900 2661 957 2725 lib.
974 2661 990 2722 Ι
998 2709 1009 2741 ,
1023 2684 1092 2749 cap.
1109 2660 1171 2741 30,

100 2776 117 2842 5
136 2787 173 2841 a,
187 2764 244 2854 qui
253 2765 392 2854 Lycurgi
405 2764 507 2831 filium
520 2789 559 2831 ex
571 2765 708 2831 Arcadia
719 2766 812 2849 facit,
827 2783 861 2830 et
876 2765 1014 2831 Admeto
1024 2767 1171 2854 proxime

96 2872 226 2961 jungit,
243 2870 301 2936 ubi
317 2872 506 2937 confudisse
523 2876 661 2937 Aucaeos
674 2872 818 2949 videtur,
835 2874 911 2960 quia
928 2895 1003 2937 eum
1020 2873 1098 2937 facit
1109 2874 1172 2937 ira·

99 2992 184 3041 trem
197 2976 337 3064 Cephei;
359 3000 464 3064 quum
482 2977 538 3041 lib.
557 2972 621 3060 111,
637 3000 706 3066 cap.
725 3002 777 3066 17,
794 2977 963 3065 Cepheum
983 2978 1095 3041 iecerit
1107 2979 1172 3041 fra·

99 3098 185 3146 trem
204 3081 364 3170 Lycurgi,
389 3097 421 3147 et
448 3083 492 3145 ita
518 3098 670 3170 patruum
684 3082 812 3164 Ancaei;
839 3082 940 3146 alium
967 3098 1074 3146 tamen
1100 3083 1172 3145 Au·

99 3211 222 3267 cccrum,
244 3189 389 3276 Neptuni
409 3188 533 3269 filium,
564 3186 731 3253 venationi
759 3187 900 3251 adfuisse
925 3188 1037 3253 scribit
1062 3188 1169 3254 schot

98 3292 266 3381 Apollonii
284 3292 325 3357 ad
339 3293 394 3358 lib.
413 3295 446 3375 I,
471 3292 543 3361 188.
555 3292 761 3358 Parrhasium
776 3307 871 3355 vocat
884 3292 979 3357 Ovid.
996 3291 1171 3375 Metvffl,

100 3397 184 3479 315,
204 3398 263 3463 ubi
278 3396 352 3463 vide
370 3399 493 3488 Micylli
511 3416 625 3483 notas,
642 3415 674 3463 et
694 3397 834 3462 advers.
851 3397 934 3483 391,
951 3398 1010 3461 ubi
1027 3420 1102 3461 eum
1119 3398 1171 3460 in-

99 3505 199 3569 struit
215 3504 369 3592 bipenni,
391 3506 487 3593 plane
506 3522 544 3571 ut
562 3506 718 3594 Apollon.
734 3505 785 3584 II,
807 3502 889 3586 118,
914 3504 976 3592 ipsi
997 3502 1052 3567 dat
1068 3514 1171 3565 πέλεκυν

99 3624 200 3693 utrm
217 3611 312 3698 periit
338 3627 447 3675 autem
470 3611 523 3676 ille
540 3612 574 3674 in
591 3610 786 3693 venatu-illo
802 3609 843 3673 ab
869 3630 949 3697 apro
971 3609 1117 3689 occisus,
1133 3624 1172 3672 ut

100 3714 370 3789 Ovidiusibidem
378 3732 496 3799 narrat,
506 3732 539 3780 et
545 3717 579 3780 in
589 3715 700 3797 Ibide,
710 3737 792 3779 vers.
805 3704 880 3803 508,
891 3731 924 3778 et
932 3704 1172 3793 Pausan.VIII,

102 3842 173 3909 cap.
203 3823 243 3903 4,
273 3838 306 3885 et
324 3821 437 3891 senec„
456 3820 542 3885 Med.
560 3820 646 3903 643,
674 3820 734 3883 ubi
759 3819 832 3883 vide
848 3820 949 3884 Delrii
975 3837 1079 3883 notas.
1107 3819 1171 3904 Ly·

101 3949 240 4014 curgum
248 3927 344 3991 etiam
356 3926 532 3993 Peruhideu
542 3943 700 3991 memorat
712 3927 848 3993 Ovidius
866 3927 900 3989 iu
909 3926 1019 4001 Ibide,
1029 3949 1075 3990 vs.
1087 3926 1170 4012 6073

103 4030 144 4095 de
161 4055 229 4120 quo
242 4033 324 4097 nihil
338 4032 420 4095 mihi
431 4049 576 4115 constat3
591 4056 652 4097 uec
668 4032 709 4097 de
724 4034 806 4097 Buta
816 4033 892 4115 illo,
909 4056 1008 4121 quem
1019 4033 1173 4119 antiquus

103 4137 296 4204 Scholiastes
312 4153 488 4221 memorat,
507 4140 580 4226 plus
597 4139 684 4221 soi03
706 4136 772 4203 vid.
789 4138 874 4216 iufra
900 4139 934 4203 iu
955 4140 1043 4203 Bute.
1068 4137 1173 4199 Porro
