2859 4975
102 431 1168 462 mmmmmfflmfflmmmmmfflmmm

212 642 1028 822 'Anconaurrcon
1158 660 1163 682 “

173 1091 177 1104 '
368 969 555 1050 LIBER
593 969 897 1067 DECIMUS,

316 1206 413 1306 ax
451 1202 954 1348 APOLLON10‚

405 1445 728 1514 INTERPRETE
760 1445 861 1511 Plo.

365 1664 874 1702 w

136 1854 291 1959 lurensi
307 1891 470 1981 Superum
486 1893 586 1956 lenita
598 1893 772 1957 Thessalus
785 1893 850 1974 ira,

134 2007 342 2095 Emensoque
360 2008 457 2090 mari,
475 2008 649 2096 luctusque
666 2009 799 2097 ignarus
815 2010 912 2072 lason

134 2121 285 2187 Obvertit
303 2144 450 2211 proram,
464 2139 498 2187 et
520 2124 711 2188 melioribus
730 2123 857 2212 appulit
870 2123 947 2187 oris.
991 2143 998 2153 ·

133 2237 194 2300 Hic
210 2237 328 2336 ¹molles
344 2238 430 2301 inter
445 2239 587 2328 populos
604 2240 759 2303 libamina
776 2238 886 2326 divis,

131 2350 274 2414 Porricit
289 2351 462 2436 Alcinous3
488 2353 564 2440 qui,
580 2353 647 2416 visa
665 2353 817 2417 cominus
833 2353 940 2442 Argo,

132 2467 175 2530 Et
191 2465 277 2532 duce
293 2465 439 2550 sidereo,
457 2467 603 2533 medium
622 2493 722 2557 quem
736 2469 819 2534 lecta
833 2469 989 2550 juventus

131 2582 282 2646 Ducebat
301 2583 386 2672 regIs
401 2582 562 2672 placidam
577 2584 677 2649 felicis
696 2584 738 2649 ad
757 2584 893 2664 urbem,

132 2696 281 2774 Gaudet,
302 2713 335 2761 et
352 2697 496 2786 hospitio
512 2700 604 2763 laetus
618 2699 761 2787 suscepit
772 2699 889 2761 amico.

42 2820 44 2827 ’
130 2812 303 2875 Phaeacum
316 2811 408 2901 plebs
425 2802 501 2877 laeta¹
512 2814 582 2877 viro
600 2829 665 2898 est,
678 2814 817 2902 festique
833 2813 952 2877 favoris

131 2927 227 3017 Signa
244 2943 354 3016 parat,
375 2928 464 2994 laetos
477 2930 585 3020 ignes,
603 2954 779 3019 ramosque
792 2930 934 2994 virentes
1014 3001 1016 3004 ¹
1142 2959 1168 2984 ιι
1273 2969 1275 2978 ,

134 3042 286 3107 Postibus
304 3043 462 3133 imponit,
485 3045 686 3133 choreasque
702 3062 736 3109 et
749 3046 893 3109 carmina
908 3043 1001 3110 ludit.
1127 3092 1133 3111 .

172 3161 264 3223 Inter
280 3159 405 3223 laetitias
424 3176 456 3224 et
471 3162 561 3225 festae
579 3184 717 3224 munera
735 3182 855 3223 mensae

132 3274 242 3363 Surgit
254 3274 356 3337 amari
371 3274 495 3362 aliquid
508 3299 516 3340 τ
529 3276 734 3341 Colchorum
748 3273 871 3350 classis,
887 3290 921 3337 et
936 3274 1052 3362 ingens

129 3387 230 3453 AEetae
246 3390 406 3478 populus,
428 3391 554 3481 magnis
573 3391 772 3456 clamoribus
790 3404 895 3453 actam

129 3503 286 3593 Soligenae
301 3518 410 3567 natam
430 3481 603 3570 Phaeacum
621 3506 656 3568 in
670 3504 744 3585 jura
759 3518 947 3594 reposcunt.

128 3618 183 3684 Vis
198 3618 301 3683 animi
318 3620 419 3683 trucis
434 3636 467 3684 et
479 3643 605 3702 mores,
621 3635 653 3683 et
668 3620 805 3685 barbara
818 3617 938 3701 corda,

128 3736 166 3798 ln
178 3735 303 3800 bellum
325 3734 491 3824 furiasque
506 3750 633 3819 rotant3
651 3736 826 3800 decernere
839 3734 926 3797 ferro

128 3852 202 3914 Fert
219 3850 367 3915 animus:
385 3850 443 3915 sed
456 3867 583 3940 sceptra
596 3867 712 3916 tenens
726 3851 903 3914 certamina
916 3865 1005 3913 tanta

128 3965 283 4029 Alcinous
300 3964 440 4049 dirimit,
454 3966 611 4054 sedatque
626 3966 764 4031 immitia
781 3982 895 4052 coepta.
976 4013 980 4023 .

128 4079 184 4144 His
201 4079 334 4145 Colchis
351 4081 478 4145 turbata
495 4080 604 4163 malie,
625 4081 787 4145 stimulata
803 4082 915 4143 fluore
