2859 4975
298 440 714 524 aneonaurmou,
738 442 826 507 mn.
854 441 918 506 1x.
1084 443 1148 509 23³

121 574 305 638 Deveniunt
319 571 487 639 Gallorum
504 595 600 657 oras3
621 595 701 662 quas
718 571 835 663 praevia
851 571 938 636 luno

120 688 311 752 Monstravit
323 687 435 768 juveni
448 687 625 770 AEmoni03
648 688 736 753 volat
747 703 820 753 acta
834 687 953 752 carina.

120 801 192 867 Dux
210 795 347 894 Ligures
360 805 491 893 ignotus
509 804 596 885 obit,
622 801 713 892 quod
729 805 845 867 lasona
859 825 972 867 mrum

119 918 216 983 Nube
237 917 296 983 dea
309 919 462 1000 involvit,
485 921 647 1008 nigroque
666 919 791 984 obtexit
806 916 938 982 amictu.

116 1026 120 1032 ¹
159 1035 219 1097 Ast
233 1033 279 1098 illi
297 1032 402 1098 media
416 1021 668 1124 penetrant'jam
688 1033 804 1098 caerula
819 1033 931 1114 fauce,
1111 1055 1151 1095 ns

118 1147 303 1213 stoechadas
324 1162 356 1213 et
370 1149 509 1214 reduces
525 1149 682 1238 linquunt
694 1147 834 1212 fratrum
847 1161 917 1212 arte
935 1147 1102 1212 laconum

117 1263 249 1345 Adjuti,
269 1262 358 1328 undo
375 1263 436 1328 illis
458 1280 600 1329 statuere
614 1263 725 1328 altaria
740 1262 849 1343 Graii,

118 1379 279 1467 Sacraque
297 1395 456 1468 perpetuo
475 1379 585 1444 nautis
601 1377 794 1443 celebranda
811 1379 939 1443 futuris.

161 1492 243 1557 Mox
256 1515 356 1558 cursu
368 1493 510 1559 AEthalia
527 1492 758 1559 transmittitur
775 1492 881 1558 insula
901 1509 1009 1574 certo,

117 1607 191 1689 Qua
210 1607 366 1696 placitum
385 1609 486 1673 fessos
503 1607 645 1673 relevare
661 1606 829 1672 laboribus
849 1623 957 1689 artus,
1114 1641 1149 1680 ιφ

23 1783 25 1796 s
114 1721 228 1811 Figere
246 1737 280 1786 et
294 1743 382 1786 arma
396 1722 487 1805 loco;
504 1705 607 1787 Graeci
621 1723 820 1814 cognomina
835 1737 951 1812 portus

115 1836 269 1901 Nominis
290 1837 379 1902 unde
394 1838 509 1920 trahit,
529 1837 621 1902 finxit
638 1839 700 1902 nisi
714 1861 798 1902 vana
815 1853 969 1900 vetustas.

160 1950 249 2015 Hinc
263 1951 357 2016 celeri
379 1949 496 2016 fluctus
515 1951 641 2016 medios
654 1953 816 2040 Aquilone
833 1952 986 2017 secabant

113 2065 223 2129 Litora
235 2087 339 2153 quum
354 2068 497 2155 primum
515 2067 686 2148 Ausoniae,
701 2066 941 2154 Tyrrhenaque
959 2082 1100 2131 cernunt

116 2179 286 2269 AEquora,
300 2198 334 2246 et
350 2181 441 2248 AEeae'
454 2197 589 2271 portum
605 2182 734 2246 subiere
752 2180 884 2246 sororis.
1110 2200 1148 2251 ¹9⁵

112 2296 268 2362 Anchora
287 2313 357 2360 tum
373 2297 490 2362 fundat
501 2299 620 2362 vocalis
636 2296 757 2362 robora
770 2297 902 2385 puppis.
968 2323 972 2330 ·

114 2412 178 2475 llio
191 2412 283 2476 Circe
298 2411 423 2502 liquido
441 2413 601 2503 purgabat
621 2414 655 2478 in
676 2434 808 2503 aequore
825 2412 990 2491 membra,

113 2529 290 2592 Terrorem
306 2530 412 2594 noctis
426 2530 566 2620 lymphis
588 2546 622 2595 et
638 2531 766 2595 somnia
786 2531 938 2595 lustrans.

52 2726 57 2732 Ι
112 2644 278 2733 Sanguine
296 2666 372 2709 nam
386 2645 535 2729 thalami,
560 2646 696 2726 domus,
718 2663 750 2711 et
764 2644 939 2735 penetralia
961 2660 1080 2709 cuncta

111 2759 205 2823 llere
221 2758 435 2841 videbantur3
451 2758 564 2847 rapido
583 2781 659 2824 nam
677 2759 810 2825 turbine
824 2758 907 2824 vidit

20 2906 22 2917 =
111 2873 255 2956 involvi,
278 2896 315 2938 ac
330 2874 406 2937 totis
424 2875 558 2939 volitare
579 2874 753 2964 penatibus
770 2876 898 2964 ignem,

112 2988 154 3052 Et
174 2989 273 3053 simul
288 3011 387 3053 omne
402 2991 491 3053 nefas
512 2988 640 3054 flamma
654 2991 833 3077 crepitante
852 2990 1010 3055 cremari:

112 3104 224 3185 Quare
240 3102 313 3168 diva
328 3120 460 3192 potens,
474 3105 571 3194 primi
587 3106 650 3170 sub
663 3106 790 3170 lumina
802 3106 899 3188 solis,

111 3219 269 3307 AEquori's
287 3220 428 3285 intrabat
443 3221 570 3285 laticest
587 3220 767 3309 susumque
783 3243 842 3308 per
857 3220 994 3286 herbam

113 3334 223 3397 Omne
239 3357 342 3423 genus
361 3335 526 3424 pecudum
546 3334 699 3400 florentes
718 3335 854 3400 demetit
869 3358 982 3426 agros,
1106 3352 1145 3390 20⁵

112 3449 201 3512 Olim
218 3471 290 3537 quae
307 3451 432 3539 magico
448 3450 573 3514 Perseis
592 3450 736 3515 carmine
749 3450 841 3514 Circe

108 3563 222 3627 lunxit
236 3562 403 3652 adoptatis
412 3564 565 3628 informia
581 3588 718 3653 corpora
736 3564 908 3646 membris,

108 3678 371 3766 Taurisonosque
393 3679 508 3767 lupos,
526 3696 560 3744 et
574 3680 806 3744 semihomines
820 3682 1019 3764 Centauros3

109 3793 152 3856 Et
169 3792 289 3856 rabidae
305 3795 393 3883 rugit
411 3816 544 3883 serpens
561 3818 706 3859 connexa
726 3796 852 3878 leaenae,

110 3907 358 3996 Semicaperque
375 3909 491 3996 lepus,
508 3911 738 3999 variarumque
754 3934 811 3975 ora
826 3910 982 3976 ferarum.

108 4022 232 4087 Heroes
249 4023 365 4112 ingens
382 4025 468 4114 cepit
485 4040 620 4113 stupor:
638 4027 744 4090 omnis
761 4026 925 4094 Achivum
999 4081 1010 4110 x

107 4137 258 4229 Effigiem
277 4138 386 4205 Circes
405 4156 437 4205 et
455 4141 579 4205 lumina
596 4156 687 4205 torva
702 4142 855 4221 juventus
