<?xml version="1.0" encoding="UTF-8"?>
<!DOCTYPE html PUBLIC "-//W3C//DTD XHTML 1.0 Transitional//EN"
    "http://www.w3.org/TR/xhtml1/DTD/xhtml1-transitional.dtd">
<html xmlns="http://www.w3.org/1999/xhtml" xml:lang="en" lang="en">
 <head>
  <title>
</title>
<meta http-equiv="Content-Type" content="text/html;charset=utf-8" />
  <meta name='ocr-system' content='tesseract 3.04.00' />
  <meta name='ocr-capabilities' content='ocr_page ocr_carea ocr_par ocr_line ocrx_word'/>
</head>
<body>
  <div class='ocr_page' id='page_1' title='image "bibliothecaclas119lemagoog_0308.png"; bbox 0 0 2859 4975; ppageno 0'>
   <div class='ocr_carea' id='block_1_1' title="bbox 234 387 864 474">
    <p class='ocr_par' dir='ltr' id='par_1_1' title="bbox 234 387 864 474">
     <span class='ocr_line' id='line_1_1' title="bbox 234 387 864 474; baseline -0.003 -22"><span class='ocrx_word' id='word_1_1' title='bbox 234 390 297 474; x_wconf 83' lang='lat'><strong>296</strong></span> <span class='ocrx_word' id='word_1_2' title='bbox 672 387 864 451; x_wconf 86' lang='lat' dir='ltr'>ORPHEI</span> 
     </span>
    </p>
   </div>
   <div class='ocr_carea' id='block_1_2' title="bbox 192 518 1317 3814">
    <p class='ocr_par' dir='ltr' id='par_1_2' title="bbox 192 518 1317 3814">
     <span class='ocr_line' id='line_1_2' title="bbox 277 518 1314 606; baseline -0.001 -23"><span class='ocrx_word' id='word_1_3' title='bbox 277 519 341 584; x_wconf 89' lang='lat' dir='ltr'><strong>Sed</strong></span> <span class='ocrx_word' id='word_1_4' title='bbox 358 541 460 606; x_wconf 89' lang='lat' dir='ltr'><strong>quum</strong></span> <span class='ocrx_word' id='word_1_5' title='bbox 475 520 540 598; x_wconf 89' lang='lat' dir='ltr'><strong>jam</strong></span> <span class='ocrx_word' id='word_1_6' title='bbox 551 518 681 583; x_wconf 87' lang='lat' dir='ltr'><strong>medios</strong></span> <span class='ocrx_word' id='word_1_7' title='bbox 696 542 810 584; x_wconf 83' lang='lat' dir='ltr'><strong>cursus</strong></span> <span class='ocrx_word' id='word_1_8' title='bbox 827 542 893 584; x_wconf 84' lang='lat' dir='ltr'><strong>nox</strong></span> <span class='ocrx_word' id='word_1_9' title='bbox 907 537 976 584; x_wconf 89' lang='lat' dir='ltr'><strong>atra</strong></span> <span class='ocrx_word' id='word_1_10' title='bbox 992 537 1132 603; x_wconf 87' lang='lat' dir='ltr'><strong>teneret,</strong></span> <span class='ocrx_word' id='word_1_11' title='bbox 1270 541 1314 582; x_wconf 73' lang='lat' dir='ltr'><strong>ssa</strong></span> 
     </span>
     <span class='ocr_line' id='line_1_3' title="bbox 279 631 1050 724; baseline 0.004 -27"><span class='ocrx_word' id='word_1_12' title='bbox 279 636 345 698; x_wconf 87' lang='lat' dir='ltr'><strong>Iret</strong></span> <span class='ocrx_word' id='word_1_13' title='bbox 361 631 394 698; x_wconf 79' lang='lat' dir='ltr'><strong>et</strong></span> <span class='ocrx_word' id='word_1_14' title='bbox 411 633 564 698; x_wconf 90' lang='lat' dir='ltr'><strong>occiduas</strong></span> <span class='ocrx_word' id='word_1_15' title='bbox 578 650 739 699; x_wconf 83' lang='lat' dir='ltr'><strong>astrorum</strong></span> <span class='ocrx_word' id='word_1_16' title='bbox 756 635 865 724; x_wconf 82' lang='lat' dir='ltr'><strong>fulgor</strong></span> <span class='ocrx_word' id='word_1_17' title='bbox 878 635 912 698; x_wconf 87' lang='lat' dir='ltr'><strong>in</strong></span> <span class='ocrx_word' id='word_1_18' title='bbox 930 634 1050 717; x_wconf 87' lang='lat' dir='ltr'><strong>undas,</strong></span> 
     </span>
     <span class='ocr_line' id='line_1_4' title="bbox 277 749 1027 831; baseline 0.003 -19"><span class='ocrx_word' id='word_1_19' title='bbox 277 749 381 812; x_wconf 87' lang='lat' dir='ltr'><strong>Altior</strong></span> <span class='ocrx_word' id='word_1_20' title='bbox 394 749 511 812; x_wconf 84' lang='lat' dir='ltr'><strong>invasit</strong></span> <span class='ocrx_word' id='word_1_21' title='bbox 527 765 633 812; x_wconf 83' lang='lat' dir='ltr'><strong>nautae</strong></span> <span class='ocrx_word' id='word_1_22' title='bbox 648 765 720 813; x_wconf 89' lang='lat' dir='ltr'><strong>tum</strong></span> <span class='ocrx_word' id='word_1_23' title='bbox 737 750 861 812; x_wconf 91' lang='lat' dir='ltr'><strong>lumina</strong></span> <span class='ocrx_word' id='word_1_24' title='bbox 876 770 1027 831; x_wconf 77' lang='lat' dir='ltr'><strong>somnus,</strong></span> 
     </span>
     <span class='ocr_line' id='line_1_5' title="bbox 277 860 1032 952; baseline 0.003 -26"><span class='ocrx_word' id='word_1_25' title='bbox 277 860 359 926; x_wconf 87' lang='lat' dir='ltr'><strong>Inde</strong></span> <span class='ocrx_word' id='word_1_26' title='bbox 377 861 443 926; x_wconf 87' lang='lat' dir='ltr'><strong>deae</strong></span> <span class='ocrx_word' id='word_1_27' title='bbox 460 862 611 927; x_wconf 88' lang='lat' dir='ltr'><strong>mandata</strong></span> <span class='ocrx_word' id='word_1_28' title='bbox 626 864 715 952; x_wconf 84' lang='lat' dir='ltr'><strong>gravi</strong></span> <span class='ocrx_word' id='word_1_29' title='bbox 731 886 798 928; x_wconf 91' lang='lat' dir='ltr'><strong>non</strong></span> <span class='ocrx_word' id='word_1_30' title='bbox 814 885 897 928; x_wconf 83' lang='lat' dir='ltr'><strong>vana</strong></span> <span class='ocrx_word' id='word_1_31' title='bbox 914 887 1032 952; x_wconf 90' lang='lat' dir='ltr'><strong>sopore</strong></span> 
     </span>
     <span class='ocr_line' id='line_1_6' title="bbox 278 976 1184 1069; baseline 0.004 -29"><span class='ocrx_word' id='word_1_32' title='bbox 278 977 464 1040; x_wconf 87' lang='lat' dir='ltr'><strong>Horrisonae</strong></span> <span class='ocrx_word' id='word_1_33' title='bbox 481 976 630 1040; x_wconf 86' lang='lat' dir='ltr'><strong>instantis</strong></span> <span class='ocrx_word' id='word_1_34' title='bbox 647 999 876 1065; x_wconf 88' lang='lat' dir='ltr'><strong>comprensum</strong></span> <span class='ocrx_word' id='word_1_35' title='bbox 893 977 1028 1041; x_wconf 87' lang='lat' dir='ltr'><strong>Palladis</strong></span> <span class='ocrx_word' id='word_1_36' title='bbox 1048 997 1184 1069; x_wconf 81' lang='lat' dir='ltr'><strong>urgent,</strong></span> 
     </span>
     <span class='ocr_line' id='line_1_7' title="bbox 277 1091 1313 1180; baseline 0.004 -26"><span class='ocrx_word' id='word_1_37' title='bbox 277 1092 420 1180; x_wconf 84' lang='lat' dir='ltr'><strong>Fataque</strong></span> <span class='ocrx_word' id='word_1_38' title='bbox 440 1091 587 1156; x_wconf 83' lang='lat' dir='ltr'><strong>divinum</strong></span> <span class='ocrx_word' id='word_1_39' title='bbox 605 1093 650 1156; x_wconf 86' lang='lat' dir='ltr'><strong>sic</strong></span> <span class='ocrx_word' id='word_1_40' title='bbox 667 1109 720 1156; x_wconf 87' lang='lat' dir='ltr'><strong>est.</strong></span> <span class='ocrx_word' id='word_1_41' title='bbox 731 1116 768 1156; x_wconf 88' lang='lat' dir='ltr'><strong>ea</strong></span> <span class='ocrx_word' id='word_1_42' title='bbox 787 1094 897 1159; x_wconf 84' lang='lat' dir='ltr'><strong>fronte</strong></span> <span class='ocrx_word' id='word_1_43' title='bbox 912 1094 1054 1158; x_wconf 85' lang='lat' dir='ltr'><strong>minaci:</strong></span> <span class='ocrx_word' id='word_1_44' title='bbox 1270 1114 1313 1152; x_wconf 79' lang='lat'><strong>⁵³⁵</strong></span> 
     </span>
     <span class='ocr_line' id='line_1_8' title="bbox 290 1183 1171 1296; baseline 0.002 -26"><span class='ocrx_word' id='word_1_45' title='bbox 290 1183 300 1192; x_wconf 42' lang='lat'>⁸</span> <span class='ocrx_word' id='word_1_46' title='bbox 323 1237 336 1260; x_wconf 89' lang='lat'>«</span> <span class='ocrx_word' id='word_1_47' title='bbox 346 1206 510 1295; x_wconf 87' lang='lat' dir='ltr'><strong>Agniada,</strong></span> <span class='ocrx_word' id='word_1_48' title='bbox 531 1205 671 1287; x_wconf 85' lang='lat' dir='ltr'><strong>dormis,</strong></span> <span class='ocrx_word' id='word_1_49' title='bbox 687 1228 805 1270; x_wconf 91' lang='lat' dir='ltr'><strong>somno</strong></span> <span class='ocrx_word' id='word_1_50' title='bbox 820 1231 971 1296; x_wconf 80' lang='lat' dir='ltr'><strong>percusse</strong></span> <span class='ocrx_word' id='word_1_51' title='bbox 987 1208 1171 1296; x_wconf 81' lang='lat' dir='ltr'><strong>profundo,</strong></span> 
     </span>
     <span class='ocr_line' id='line_1_9' title="bbox 278 1321 1139 1412; baseline 0.002 -28"><span class='ocrx_word' id='word_1_52' title='bbox 278 1321 364 1385; x_wconf 88' lang='lat' dir='ltr'><strong>Pelle</strong></span> <span class='ocrx_word' id='word_1_53' title='bbox 378 1337 489 1410; x_wconf 84' lang='lat' dir='ltr'><strong>tegens</strong></span> <span class='ocrx_word' id='word_1_54' title='bbox 506 1322 635 1386; x_wconf 84' lang='lat' dir='ltr'><strong>oculos!</strong></span> <span class='ocrx_word' id='word_1_55' title='bbox 651 1321 709 1384; x_wconf 88' lang='lat' dir='ltr'><strong>sed</strong></span> <span class='ocrx_word' id='word_1_56' title='bbox 719 1322 784 1402; x_wconf 87' lang='lat' dir='ltr'><strong>jam</strong></span> <span class='ocrx_word' id='word_1_57' title='bbox 798 1323 1004 1412; x_wconf 78' lang='lat' dir='ltr'><strong>consurgito,</strong></span> <span class='ocrx_word' id='word_1_58' title='bbox 1020 1322 1139 1412; x_wconf 86' lang='lat' dir='ltr'>Tiphy,</span> 
     </span>
     <span class='ocr_line' id='line_1_10' title="bbox 278 1432 1012 1523; baseline 0.003 -25"><span class='ocrx_word' id='word_1_59' title='bbox 278 1435 321 1498; x_wconf 89' lang='lat' dir='ltr'><strong>Et</strong></span> <span class='ocrx_word' id='word_1_60' title='bbox 337 1449 446 1498; x_wconf 90' lang='lat' dir='ltr'><strong>tutum</strong></span> <span class='ocrx_word' id='word_1_61' title='bbox 462 1434 503 1498; x_wconf 88' lang='lat' dir='ltr'><strong>ad</strong></span> <span class='ocrx_word' id='word_1_62' title='bbox 518 1434 594 1498; x_wconf 90' lang='lat' dir='ltr'><strong>litus</strong></span> <span class='ocrx_word' id='word_1_63' title='bbox 612 1435 696 1498; x_wconf 88' lang='lat' dir='ltr'><strong>saltu</strong></span> <span class='ocrx_word' id='word_1_64' title='bbox 715 1432 756 1498; x_wconf 86' lang='lat' dir='ltr'><strong>de</strong></span> <span class='ocrx_word' id='word_1_65' title='bbox 771 1457 881 1523; x_wconf 89' lang='lat' dir='ltr'><strong>puppe</strong></span> <span class='ocrx_word' id='word_1_66' title='bbox 898 1434 1012 1518; x_wconf 86' lang='lat' dir='ltr'><strong>jubeto</strong></span> 
     </span>
     <span class='ocr_line' id='line_1_11' title="bbox 279 1548 1062 1637; baseline 0.003 -24"><span class='ocrx_word' id='word_1_67' title='bbox 279 1551 331 1614; x_wconf 87' lang='lat' dir='ltr'><strong>Ire</strong></span> <span class='ocrx_word' id='word_1_68' title='bbox 345 1548 459 1632; x_wconf 90' lang='lat' dir='ltr'><strong>duces,</strong></span> <span class='ocrx_word' id='word_1_69' title='bbox 472 1549 613 1613; x_wconf 84' lang='lat' dir='ltr'><strong>informe</strong></span> <span class='ocrx_word' id='word_1_70' title='bbox 627 1564 741 1613; x_wconf 86' lang='lat' dir='ltr'><strong>tenent</strong></span> <span class='ocrx_word' id='word_1_71' title='bbox 755 1549 813 1612; x_wconf 89' lang='lat' dir='ltr'><strong>ubi</strong></span> <span class='ocrx_word' id='word_1_72' title='bbox 825 1572 944 1637; x_wconf 89' lang='lat' dir='ltr'><strong>corpus</strong></span> <span class='ocrx_word' id='word_1_73' title='bbox 956 1573 1062 1615; x_wconf 83' lang='lat' dir='ltr'><strong>arenae</strong></span> 
     </span>
     <span class='ocr_line' id='line_1_12' title="bbox 275 1664 1317 1753; baseline 0.005 -25"><span class='ocrx_word' id='word_1_74' title='bbox 275 1665 436 1753; x_wconf 85' lang='lat' dir='ltr'><strong>Hospitis,</strong></span> <span class='ocrx_word' id='word_1_75' title='bbox 455 1665 651 1752; x_wconf 82' lang='lat' dir='ltr'><strong>inferiasque</strong></span> <span class='ocrx_word' id='word_1_76' title='bbox 668 1664 735 1728; x_wconf 87' lang='lat' dir='ltr'><strong>dari</strong></span> <span class='ocrx_word' id='word_1_77' title='bbox 751 1683 856 1730; x_wconf 82' lang='lat' dir='ltr'><strong>etsua</strong></span> <span class='ocrx_word' id='word_1_78' title='bbox 869 1667 983 1736; x_wconf 80' lang='lat' dir='ltr'><strong>lirnera</strong></span> <span class='ocrx_word' id='word_1_79' title='bbox 999 1688 1100 1748; x_wconf 77' lang='lat' dir='ltr'><strong>caas03</strong></span> <span class='ocrx_word' id='word_1_80' title='bbox 1272 1687 1317 1733; x_wconf 71' lang='lat' dir='ltr'><strong>sto</strong></span> 
     </span>
     <span class='ocr_line' id='line_1_13' title="bbox 246 1779 1105 1868; baseline 0.002 -23"><span class='ocrx_word' id='word_1_81' title='bbox 246 1815 247 1818; x_wconf 36' lang='lat'>¹</span> <span class='ocrx_word' id='word_1_82' title='bbox 279 1779 335 1845; x_wconf 89' lang='lat' dir='ltr'><strong>Dis</strong></span> <span class='ocrx_word' id='word_1_83' title='bbox 349 1781 439 1845; x_wconf 85' lang='lat' dir='ltr'><strong>Rhea</strong></span> <span class='ocrx_word' id='word_1_84' title='bbox 454 1802 596 1868; x_wconf 91' lang='lat' dir='ltr'><strong>namque</strong></span> <span class='ocrx_word' id='word_1_85' title='bbox 608 1779 701 1859; x_wconf 90' lang='lat' dir='ltr'><strong>jubet</strong></span> <span class='ocrx_word' id='word_1_86' title='bbox 719 1804 807 1846; x_wconf 86' lang='lat' dir='ltr'><strong>sacra</strong></span> <span class='ocrx_word' id='word_1_87' title='bbox 820 1798 854 1846; x_wconf 91' lang='lat' dir='ltr'><strong>et</strong></span> <span class='ocrx_word' id='word_1_88' title='bbox 864 1781 1016 1847; x_wconf 83' lang='lat' dir='ltr'><strong>libamina</strong></span> <span class='ocrx_word' id='word_1_89' title='bbox 1029 1784 1105 1847; x_wconf 79' lang='lat' dir='ltr'><strong>ferri</strong></span> 
     </span>
     <span class='ocr_line' id='line_1_14' title="bbox 279 1894 1106 1985; baseline 0.001 -26"><span class='ocrx_word' id='word_1_90' title='bbox 279 1895 438 1977; x_wconf 86' lang='lat' dir='ltr'><strong>Infernis,</strong></span> <span class='ocrx_word' id='word_1_91' title='bbox 457 1895 626 1985; x_wconf 86' lang='lat' dir='ltr'><strong>largosque</strong></span> <span class='ocrx_word' id='word_1_92' title='bbox 644 1894 747 1958; x_wconf 85' lang='lat' dir='ltr'><strong>oculis</strong></span> <span class='ocrx_word' id='word_1_93' title='bbox 759 1895 953 1960; x_wconf 82' lang='lat' dir='ltr'><strong>stillantibus</strong></span> <span class='ocrx_word' id='word_1_94' title='bbox 972 1896 1106 1980; x_wconf 88' lang='lat' dir='ltr'><strong>imbres;</strong></span> 
     </span>
     <span class='ocr_line' id='line_1_15' title="bbox 277 2008 1229 2099; baseline 0.001 -24"><span class='ocrx_word' id='word_1_95' title='bbox 277 2013 404 2098; x_wconf 82' lang='lat' dir='ltr'><strong>Fasque</strong></span> <span class='ocrx_word' id='word_1_96' title='bbox 419 2011 529 2099; x_wconf 89' lang='lat' dir='ltr'><strong>pium,</strong></span> <span class='ocrx_word' id='word_1_97' title='bbox 542 2027 640 2098; x_wconf 89' lang='lat' dir='ltr'><strong>atque</strong></span> <span class='ocrx_word' id='word_1_98' title='bbox 654 2009 753 2088; x_wconf 88' lang='lat' dir='ltr'><strong>hujus</strong></span> <span class='ocrx_word' id='word_1_99' title='bbox 766 2010 813 2074; x_wconf 88' lang='lat' dir='ltr'><strong>sic</strong></span> <span class='ocrx_word' id='word_1_100' title='bbox 825 2008 952 2097; x_wconf 82' lang='lat' dir='ltr'><strong>hospita</strong></span> <span class='ocrx_word' id='word_1_101' title='bbox 967 2033 1079 2074; x_wconf 87' lang='lat' dir='ltr'><strong>mensa</strong></span> <span class='ocrx_word' id='word_1_102' title='bbox 1092 2011 1229 2094; x_wconf 86' lang='lat' dir='ltr'><strong>colatur,</strong></span> 
     </span>
     <span class='ocr_line' id='line_1_16' title="bbox 280 2123 1088 2209; baseline 0 -21"><span class='ocrx_word' id='word_1_103' title='bbox 280 2127 387 2209; x_wconf 86' lang='lat' dir='ltr'><strong>Quem</strong></span> <span class='ocrx_word' id='word_1_104' title='bbox 399 2126 507 2205; x_wconf 86' lang='lat' dir='ltr'><strong>jaculo</strong></span> <span class='ocrx_word' id='word_1_105' title='bbox 526 2125 646 2188; x_wconf 88' lang='lat' dir='ltr'><strong>invitus</strong></span> <span class='ocrx_word' id='word_1_106' title='bbox 661 2124 784 2205; x_wconf 87' lang='lat' dir='ltr'><strong>trajecit</strong></span> <span class='ocrx_word' id='word_1_107' title='bbox 799 2123 904 2189; x_wconf 86' lang='lat' dir='ltr'><strong>noetis</strong></span> <span class='ocrx_word' id='word_1_108' title='bbox 921 2124 955 2188; x_wconf 89' lang='lat' dir='ltr'><strong>in</strong></span> <span class='ocrx_word' id='word_1_109' title='bbox 972 2125 1088 2188; x_wconf 88' lang='lat' dir='ltr'><strong>umbra</strong></span> 
     </span>
     <span class='ocr_line' id='line_1_17' title="bbox 278 2222 984 2328; baseline -0.003 -23"><span class='ocrx_word' id='word_1_110' title='bbox 278 2241 420 2323; x_wconf 87' lang='lat' dir='ltr'><strong>Alcides,</strong></span> <span class='ocrx_word' id='word_1_111' title='bbox 445 2241 557 2328; x_wconf 86' lang='lat' dir='ltr'><strong>iraque</strong></span> <span class='ocrx_word' id='word_1_112' title='bbox 573 2239 667 2302; x_wconf 89' lang='lat' dir='ltr'><strong>deam</strong></span> <span class='ocrx_word' id='word_1_113' title='bbox 685 2222 849 2304; x_wconf 79' lang='lat' dir='ltr'><strong>concussit</strong></span> <span class='ocrx_word' id='word_1_114' title='bbox 865 2262 984 2304; x_wconf 84' lang='lat' dir='ltr'><strong>amara.</strong></span> 
     </span>
     <span class='ocr_line' id='line_1_18' title="bbox 192 2347 1136 2442; baseline 0.001 -23"><span class='ocrx_word' id='word_1_115' title='bbox 192 2347 195 2358; x_wconf 77' lang='grc'><strong>’</strong></span> <span class='ocrx_word' id='word_1_116' title='bbox 279 2359 336 2420; x_wconf 86' lang='lat' dir='ltr'><strong>Ast</strong></span> <span class='ocrx_word' id='word_1_117' title='bbox 353 2356 411 2420; x_wconf 91' lang='lat' dir='ltr'><strong>ubi</strong></span> <span class='ocrx_word' id='word_1_118' title='bbox 421 2354 528 2434; x_wconf 84' lang='lat' dir='ltr'><strong>justus</strong></span> <span class='ocrx_word' id='word_1_119' title='bbox 543 2355 650 2418; x_wconf 89' lang='lat' dir='ltr'><strong>bonos</strong></span> <span class='ocrx_word' id='word_1_120' title='bbox 665 2353 797 2420; x_wconf 91' lang='lat' dir='ltr'><strong>habitus</strong></span> <span class='ocrx_word' id='word_1_121' title='bbox 814 2354 855 2419; x_wconf 90' lang='lat' dir='ltr'><strong>de</strong></span> <span class='ocrx_word' id='word_1_122' title='bbox 877 2377 966 2418; x_wconf 89' lang='lat' dir='ltr'><strong>more</strong></span> <span class='ocrx_word' id='word_1_123' title='bbox 980 2356 1136 2442; x_wconf 84' lang='lat' dir='ltr'><strong>sepulcri,</strong></span> 
     </span>
     <span class='ocr_line' id='line_1_19' title="bbox 277 2467 1114 2557; baseline 0.002 -23"><span class='ocrx_word' id='word_1_124' title='bbox 277 2468 358 2535; x_wconf 89' lang='lat' dir='ltr'><strong>Inde</strong></span> <span class='ocrx_word' id='word_1_125' title='bbox 374 2468 441 2534; x_wconf 78' lang='lat' dir='ltr'><strong>deae</strong></span> <span class='ocrx_word' id='word_1_126' title='bbox 457 2467 620 2533; x_wconf 89' lang='lat' dir='ltr'><strong>adsedem</strong></span> <span class='ocrx_word' id='word_1_127' title='bbox 640 2467 774 2533; x_wconf 87' lang='lat' dir='ltr'><strong>venietis</strong></span> <span class='ocrx_word' id='word_1_128' title='bbox 790 2467 978 2557; x_wconf 87' lang='lat' dir='ltr'><strong>Dyudimon</strong></span> <span class='ocrx_word' id='word_1_129' title='bbox 997 2470 1114 2536; x_wconf 84' lang='lat' dir='ltr'><strong>altam:</strong></span> 
     </span>
     <span class='ocr_line' id='line_1_20' title="bbox 278 2580 1049 2671; baseline -0.001 -23"><span class='ocrx_word' id='word_1_130' title='bbox 278 2585 339 2649; x_wconf 90' lang='lat' dir='ltr'><strong>Hic</strong></span> <span class='ocrx_word' id='word_1_131' title='bbox 355 2582 510 2671; x_wconf 87' lang='lat' dir='ltr'><strong>placanda</strong></span> <span class='ocrx_word' id='word_1_132' title='bbox 528 2580 623 2645; x_wconf 74' lang='lat' dir='ltr'><strong>sacris</strong></span> <span class='ocrx_word' id='word_1_133' title='bbox 636 2581 773 2645; x_wconf 87' lang='lat' dir='ltr'><strong>Telluris</strong></span> <span class='ocrx_word' id='word_1_134' title='bbox 787 2580 851 2646; x_wconf 86' lang='lat' dir='ltr'><strong>lilia</strong></span> <span class='ocrx_word' id='word_1_135' title='bbox 865 2583 1022 2670; x_wconf 88' lang='lat' dir='ltr'><strong>pulchris.</strong></span> <span class='ocrx_word' id='word_1_136' title='bbox 1047 2635 1049 2640; x_wconf 93' lang='lat'><em>.</em></span> 
     </span>
     <span class='ocr_line' id='line_1_21' title="bbox 279 2695 1170 2776; baseline 0.006 -14"><span class='ocrx_word' id='word_1_137' title='bbox 279 2701 373 2763; x_wconf 86' lang='lat' dir='ltr'><strong>Tunc</strong></span> <span class='ocrx_word' id='word_1_138' title='bbox 385 2698 481 2761; x_wconf 85' lang='lat' dir='ltr'><strong>funes</strong></span> <span class='ocrx_word' id='word_1_139' title='bbox 500 2696 646 2776; x_wconf 84' lang='lat' dir='ltr'><strong>trahere,</strong></span> <span class='ocrx_word' id='word_1_140' title='bbox 668 2710 702 2758; x_wconf 87' lang='lat' dir='ltr'><strong>ct</strong></span> <span class='ocrx_word' id='word_1_141' title='bbox 716 2696 824 2759; x_wconf 85' lang='lat' dir='ltr'><strong>ventis</strong></span> <span class='ocrx_word' id='word_1_142' title='bbox 841 2695 918 2764; x_wconf 86' lang='lat' dir='ltr'><strong>dare</strong></span> <span class='ocrx_word' id='word_1_143' title='bbox 936 2698 1006 2762; x_wconf 88' lang='lat' dir='ltr'><strong>vela</strong></span> <span class='ocrx_word' id='word_1_144' title='bbox 1026 2699 1136 2764; x_wconf 85' lang='lat' dir='ltr'><strong>licebit</strong></span> <span class='ocrx_word' id='word_1_145' title='bbox 1147 2733 1170 2768; x_wconf 65' lang='lat' dir='ltr'><strong>a.</strong></span> 
     </span>
     <span class='ocr_line' id='line_1_22' title="bbox 323 2808 1315 2903; baseline 0.005 -27"><span class='ocrx_word' id='word_1_146' title='bbox 323 2808 399 2877; x_wconf 84' lang='lat' dir='ltr'><strong>Haec</strong></span> <span class='ocrx_word' id='word_1_147' title='bbox 416 2811 474 2875; x_wconf 90' lang='lat' dir='ltr'><strong>ubi</strong></span> <span class='ocrx_word' id='word_1_148' title='bbox 491 2811 556 2874; x_wconf 87' lang='lat' dir='ltr'><strong>fata</strong></span> <span class='ocrx_word' id='word_1_149' title='bbox 573 2810 632 2874; x_wconf 85' lang='lat' dir='ltr'><strong>dea</strong></span> <span class='ocrx_word' id='word_1_150' title='bbox 648 2825 716 2892; x_wconf 87' lang='lat' dir='ltr'><strong>est,</strong></span> <span class='ocrx_word' id='word_1_151' title='bbox 736 2810 814 2890; x_wconf 91' lang='lat' dir='ltr'><strong>abiit</strong></span> <span class='ocrx_word' id='word_1_152' title='bbox 826 2833 982 2880; x_wconf 84' lang='lat' dir='ltr'><strong>conversa</strong></span> <span class='ocrx_word' id='word_1_153' title='bbox 995 2814 1109 2903; x_wconf 82' lang='lat' dir='ltr'><strong>sagitta</strong></span> <span class='ocrx_word' id='word_1_154' title='bbox 1193 2851 1195 2854; x_wconf 32' lang='lat' dir='ltr'>v</span> <span class='ocrx_word' id='word_1_155' title='bbox 1270 2843 1315 2881; x_wconf 80' lang='grc'><strong>55.</strong></span> 
     </span>
     <span class='ocr_line' id='line_1_23' title="bbox 276 2922 1183 3012; baseline 0.001 -22"><span class='ocrx_word' id='word_1_156' title='bbox 276 2926 375 2990; x_wconf 91' lang='lat' dir='ltr'><strong>Ocior</strong></span> <span class='ocrx_word' id='word_1_157' title='bbox 389 2924 431 2988; x_wconf 90' lang='lat' dir='ltr'><strong>ad</strong></span> <span class='ocrx_word' id='word_1_158' title='bbox 444 2945 599 3012; x_wconf 88' lang='lat' dir='ltr'><strong>superos:</strong></span> <span class='ocrx_word' id='word_1_159' title='bbox 615 2922 717 2985; x_wconf 92' lang='lat' dir='ltr'><strong>oculis</strong></span> <span class='ocrx_word' id='word_1_160' title='bbox 733 2922 811 2986; x_wconf 91' lang='lat' dir='ltr'><strong>huic</strong></span> <span class='ocrx_word' id='word_1_161' title='bbox 826 2923 916 3010; x_wconf 87' lang='lat' dir='ltr'><strong>pellis</strong></span> <span class='ocrx_word' id='word_1_162' title='bbox 932 2925 1043 2999; x_wconf 55' lang='lat' dir='ltr'><strong>macta</strong></span> <span class='ocrx_word' id='word_1_163' title='bbox 1058 2944 1122 3010; x_wconf 88' lang='lat' dir='ltr'><strong>est,</strong></span> <span class='ocrx_word' id='word_1_164' title='bbox 1180 2940 1183 2949; x_wconf 92' lang='lat'>&#39;</span> 
     </span>
     <span class='ocr_line' id='line_1_24' title="bbox 279 3036 1151 3127; baseline 0.002 -24"><span class='ocrx_word' id='word_1_165' title='bbox 279 3040 346 3122; x_wconf 91' lang='lat' dir='ltr'><strong>Qui</strong></span> <span class='ocrx_word' id='word_1_166' title='bbox 361 3059 498 3127; x_wconf 88' lang='lat' dir='ltr'><strong>propere</strong></span> <span class='ocrx_word' id='word_1_167' title='bbox 511 3036 658 3101; x_wconf 84' lang='lat' dir='ltr'><strong>exsiliens</strong></span> <span class='ocrx_word' id='word_1_168' title='bbox 674 3037 834 3124; x_wconf 91' lang='lat' dir='ltr'><strong>populum</strong></span> <span class='ocrx_word' id='word_1_169' title='bbox 847 3039 986 3103; x_wconf 83' lang='lat' dir='ltr'><strong>clamore</strong></span> <span class='ocrx_word' id='word_1_170' title='bbox 999 3042 1151 3125; x_wconf 85' lang='lat' dir='ltr'><strong>vocabat,</strong></span> 
     </span>
     <span class='ocr_line' id='line_1_25' title="bbox 280 3150 1206 3241; baseline 0.005 -22"><span class='ocrx_word' id='word_1_171' title='bbox 280 3156 365 3219; x_wconf 89' lang='lat' dir='ltr'><strong>Hinc</strong></span> <span class='ocrx_word' id='word_1_172' title='bbox 378 3170 475 3241; x_wconf 84' lang='lat' dir='ltr'><strong>atque</strong></span> <span class='ocrx_word' id='word_1_173' title='bbox 493 3150 569 3216; x_wconf 86' lang='lat' dir='ltr'><strong>indo</strong></span> <span class='ocrx_word' id='word_1_174' title='bbox 585 3174 737 3232; x_wconf 87' lang='lat' dir='ltr'><strong>movens;</strong></span> <span class='ocrx_word' id='word_1_175' title='bbox 758 3152 830 3216; x_wconf 91' lang='lat' dir='ltr'><strong>illos</strong></span> <span class='ocrx_word' id='word_1_176' title='bbox 844 3156 1041 3241; x_wconf 70' lang='lat' dir='ltr'><strong>soporatus</strong></span> <span class='ocrx_word' id='word_1_177' title='bbox 1058 3156 1206 3224; x_wconf 88' lang='lat' dir='ltr'><strong>habebat.</strong></span> 
     </span>
     <span class='ocr_line' id='line_1_26' title="bbox 277 3266 1186 3354; baseline 0.004 -20"><span class='ocrx_word' id='word_1_178' title='bbox 277 3274 319 3335; x_wconf 88' lang='lat' dir='ltr'><strong>At</strong></span> <span class='ocrx_word' id='word_1_179' title='bbox 335 3286 459 3332; x_wconf 88' lang='lat' dir='ltr'><strong>tremor</strong></span> <span class='ocrx_word' id='word_1_180' title='bbox 478 3267 555 3330; x_wconf 89' lang='lat' dir='ltr'><strong>hinc</strong></span> <span class='ocrx_word' id='word_1_181' title='bbox 570 3266 689 3347; x_wconf 82' lang='lat' dir='ltr'><strong>aninri;</strong></span> <span class='ocrx_word' id='word_1_182' title='bbox 709 3266 766 3331; x_wconf 89' lang='lat' dir='ltr'><strong>sed</strong></span> <span class='ocrx_word' id='word_1_183' title='bbox 777 3283 951 3354; x_wconf 87' lang='lat' dir='ltr'><strong>postquam</strong></span> <span class='ocrx_word' id='word_1_184' title='bbox 963 3292 1042 3334; x_wconf 87' lang='lat' dir='ltr'><strong>voce</strong></span> <span class='ocrx_word' id='word_1_185' title='bbox 1055 3279 1186 3337; x_wconf 84' lang='lat' dir='ltr'><strong>vocatos</strong></span> 
     </span>
     <span class='ocr_line' id='line_1_27' title="bbox 279 3381 1310 3469; baseline 0 -20"><span class='ocrx_word' id='word_1_186' title='bbox 279 3387 400 3449; x_wconf 83' lang='lat' dir='ltr'><strong>Heroas</strong></span> <span class='ocrx_word' id='word_1_187' title='bbox 416 3381 527 3446; x_wconf 91' lang='lat' dir='ltr'><strong>docuit</strong></span> <span class='ocrx_word' id='word_1_188' title='bbox 543 3404 601 3469; x_wconf 89' lang='lat' dir='ltr'><strong>per</strong></span> <span class='ocrx_word' id='word_1_189' title='bbox 616 3403 769 3445; x_wconf 90' lang='lat' dir='ltr'><strong>somnum</strong></span> <span class='ocrx_word' id='word_1_190' title='bbox 785 3404 859 3445; x_wconf 89' lang='lat' dir='ltr'><strong>vera</strong></span> <span class='ocrx_word' id='word_1_191' title='bbox 872 3382 1045 3469; x_wconf 88' lang='lat' dir='ltr'><strong>loquutus,</strong></span> <span class='ocrx_word' id='word_1_192' title='bbox 1265 3410 1310 3449; x_wconf 90' lang='grc'><strong>555</strong></span> 
     </span>
     <span class='ocr_line' id='line_1_28' title="bbox 279 3495 1041 3585; baseline 0.001 -23"><span class='ocrx_word' id='word_1_193' title='bbox 279 3501 451 3563; x_wconf 79' lang='lat' dir='ltr'><strong>surrexere</strong></span> <span class='ocrx_word' id='word_1_194' title='bbox 466 3497 538 3577; x_wconf 89' lang='lat' dir='ltr'><strong>citi,</strong></span> <span class='ocrx_word' id='word_1_195' title='bbox 555 3512 588 3559; x_wconf 89' lang='lat' dir='ltr'><strong>et</strong></span> <span class='ocrx_word' id='word_1_196' title='bbox 601 3496 684 3559; x_wconf 90' lang='lat' dir='ltr'><strong>saltu</strong></span> <span class='ocrx_word' id='word_1_197' title='bbox 698 3495 764 3575; x_wconf 86' lang='lat' dir='ltr'><strong>jam</strong></span> <span class='ocrx_word' id='word_1_198' title='bbox 785 3495 878 3560; x_wconf 93' lang='lat' dir='ltr'><strong>litora</strong></span> <span class='ocrx_word' id='word_1_199' title='bbox 892 3516 1041 3585; x_wconf 88' lang='lat' dir='ltr'><strong>poscunt.</strong></span> 
     </span>
     <span class='ocr_line' id='line_1_29' title="bbox 223 3583 1119 3704; baseline 0.008 -30"><span class='ocrx_word' id='word_1_200' title='bbox 223 3586 241 3635; x_wconf 34' lang='grc' dir='ltr'><strong><em>Ἰ</em></strong></span> <span class='ocrx_word' id='word_1_201' title='bbox 323 3613 410 3675; x_wconf 92' lang='lat' dir='ltr'><strong>Tum</strong></span> <span class='ocrx_word' id='word_1_202' title='bbox 429 3633 556 3674; x_wconf 88' lang='lat' dir='ltr'><strong>croceas</strong></span> <span class='ocrx_word' id='word_1_203' title='bbox 575 3611 701 3673; x_wconf 86' lang='lat' dir='ltr'><strong>Aurora</strong></span> <span class='ocrx_word' id='word_1_204' title='bbox 719 3610 804 3674; x_wconf 84' lang='lat' dir='ltr'><strong>laces</strong></span> <span class='ocrx_word' id='word_1_205' title='bbox 817 3609 884 3690; x_wconf 83' lang='lat' dir='ltr'><strong>jam</strong></span> <span class='ocrx_word' id='word_1_206' title='bbox 899 3629 995 3678; x_wconf 88' lang='lat' dir='ltr'><strong>nocte</strong></span> <span class='ocrx_word' id='word_1_207' title='bbox 1011 3583 1119 3704; x_wconf 70' lang='lat' dir='ltr'><strong>iugata</strong></span> 
     </span>
     <span class='ocr_line' id='line_1_30' title="bbox 274 3725 1080 3814; baseline 0.006 -24"><span class='ocrx_word' id='word_1_208' title='bbox 274 3725 498 3807; x_wconf 86' lang='lat' dir='ltr'><strong>Praetendens,</strong></span> <span class='ocrx_word' id='word_1_209' title='bbox 516 3726 614 3789; x_wconf 90' lang='lat' dir='ltr'><strong>rutilo</strong></span> <span class='ocrx_word' id='word_1_210' title='bbox 633 3726 803 3814; x_wconf 87' lang='lat' dir='ltr'><strong>spargebat</strong></span> <span class='ocrx_word' id='word_1_211' title='bbox 819 3728 942 3791; x_wconf 88' lang='lat' dir='ltr'><strong>lumine</strong></span> <span class='ocrx_word' id='word_1_212' title='bbox 956 3730 1080 3795; x_wconf 85' lang='lat' dir='ltr'><strong>caelum.</strong></span> 
     </span>
    </p>
   </div>
   <div class='ocr_carea' id='block_1_3' title="bbox 277 3839 1060 4040">
    <p class='ocr_par' dir='ltr' id='par_1_3' title="bbox 277 3839 1060 4040">
     <span class='ocr_line' id='line_1_31' title="bbox 278 3839 1060 3928; baseline 0.006 -25"><span class='ocrx_word' id='word_1_213' title='bbox 278 3844 391 3924; x_wconf 89' lang='lat' dir='ltr'><strong>Quum</strong></span> <span class='ocrx_word' id='word_1_214' title='bbox 408 3840 483 3905; x_wconf 88' lang='lat' dir='ltr'><strong>celsi</strong></span> <span class='ocrx_word' id='word_1_215' title='bbox 498 3855 647 3927; x_wconf 82' lang='lat' dir='ltr'><strong>proceres</strong></span> <span class='ocrx_word' id='word_1_216' title='bbox 666 3839 784 3928; x_wconf 75' lang='lat' dir='ltr'><strong>Minyas</strong></span> <span class='ocrx_word' id='word_1_217' title='bbox 799 3842 908 3906; x_wconf 83' lang='lat' dir='ltr'><strong>videre</strong></span> <span class='ocrx_word' id='word_1_218' title='bbox 926 3842 1060 3908; x_wconf 86' lang='lat' dir='ltr'><strong>cadaver</strong></span> 
     </span>
     <span class='ocr_line' id='line_1_32' title="bbox 277 3952 1008 4040; baseline 0.007 -24"><span class='ocrx_word' id='word_1_219' title='bbox 277 3954 411 4017; x_wconf 88' lang='lat' dir='ltr'><strong>Pulvere</strong></span> <span class='ocrx_word' id='word_1_220' title='bbox 426 3952 596 4033; x_wconf 87' lang='lat' dir='ltr'><strong>foedatum,</strong></span> <span class='ocrx_word' id='word_1_221' title='bbox 614 3952 796 4040; x_wconf 81' lang='lat' dir='ltr'><strong>liventique¹</strong></span> <span class='ocrx_word' id='word_1_222' title='bbox 806 3978 862 4019; x_wconf 90' lang='lat' dir='ltr'><strong>ora</strong></span> <span class='ocrx_word' id='word_1_223' title='bbox 877 3978 1008 4039; x_wconf 84' lang='lat' dir='ltr'><strong>cruore,</strong></span> 
     </span>
    </p>
   </div>
   <div class='ocr_carea' id='block_1_4' title="bbox 276 4067 1078 4157">
    <p class='ocr_par' dir='ltr' id='par_1_4' title="bbox 276 4067 1078 4157">
     <span class='ocr_line' id='line_1_33' title="bbox 276 4067 1078 4157; baseline 0.015 -28"><span class='ocrx_word' id='word_1_224' title='bbox 276 4069 385 4155; x_wconf 83' lang='lat' dir='ltr'><strong>thue</strong></span> <span class='ocrx_word' id='word_1_225' title='bbox 403 4070 484 4130; x_wconf 86' lang='lat' dir='ltr'><strong>feras</strong></span> <span class='ocrx_word' id='word_1_226' title='bbox 503 4067 594 4147; x_wconf 90' lang='lat' dir='ltr'><strong>alias,</strong></span> <span class='ocrx_word' id='word_1_227' title='bbox 611 4067 754 4154; x_wconf 83' lang='lat' dir='ltr'><strong>ingentia</strong></span> <span class='ocrx_word' id='word_1_228' title='bbox 770 4092 923 4157; x_wconf 87' lang='lat' dir='ltr'><strong>corpora,</strong></span> <span class='ocrx_word' id='word_1_229' title='bbox 939 4072 1078 4154; x_wconf 81' lang='lat' dir='ltr'><strong>circum,</strong></span> 
     </span>
    </p>
   </div>
   <div class='ocr_carea' id='block_1_5' title="bbox 0 0 1434 4975">
    <p class='ocr_par' dir='ltr' id='par_1_5' title="bbox 0 0 1434 4975">
     <span class='ocr_line' id='line_1_34' title="bbox 0 0 1434 4975; baseline 0 0"><span class='ocrx_word' id='word_1_230' title='bbox 0 0 1434 4975; x_wconf 95' lang='lat' dir='ltr'><strong> </strong></span> 
     </span>
    </p>
   </div>
  </div>
 </body>
</html>
