2859 4975
375 449 823 514 ARGONAUTARUM.
1070 449 1134 537 347

64 571 264 662 terquamab
285 571 429 660 Orpheo,
448 587 659 636 memoratur.
674 572 789 654 Quum
807 586 915 633 autent
940 571 1036 634 multi
1053 573 1138 658 Argi

61 678 182 742 luerint
204 677 242 740 in
266 677 401 740 historia
417 677 578 765 mythice,
604 699 672 741 non
692 677 785 740 facile
801 692 851 741 est
868 699 982 740 omnes
1000 676 1034 739 in
1055 700 1136 741 con-

61 781 203 848 cordiam
220 781 366 871 redigere
380 784 563 870 scriptores.
579 784 628 847 De
645 803 763 873 genere
779 777 883 847 nostri
900 805 969 846 non
983 785 1136 847 convenit

60 886 154 953 ctiam
169 911 178 952 ε
192 907 232 952 ex
248 887 398 978 Thespiis
410 886 587 952 oriundum
600 887 676 951 facit
691 888 822 969 Noster,
835 888 891 953 lib.
904 890 939 970 1,
950 887 992 974 93
1009 904 1041 952 et
1054 891 1136 969 1243

60 1010 182 1080 patrem
199 993 269 1072 ejus
282 995 460 1056 Arestorem
476 993 552 1056 fecit
564 993 718 1080 Apollon.
731 992 787 1056 lib.
797 994 831 1073 1,
848 1013 925 1073 112;
942 993 986 1056 ita
997 1007 1036 1056 ut
1048 991 1135 1056 idem

60 1115 159 1182 esset,
183 1099 241 1186 qui
256 1100 383 1186 Argus,
403 1113 511 1162 custos
531 1100 585 1162 Ius
604 1121 622 1160 a
647 1099 778 1161 lunone
803 1099 989 1186 appositus,
1010 1115 1043 1162 et
1059 1119 1137 1164 cen·

61 1221 129 1266 turn
162 1199 265 1268 oeulis
294 1201 429 1292 vigilans
455 1225 473 1266 a
499 1199 664 1268 Mercurio
690 1202 907 1268 interfectus:
932 1203 1023 1266 hunc
1047 1203 1135 1266 enim

61 1309 264 1373 Arestoriden
279 1325 374 1373 vocat
396 1307 552 1391 Ovidius,
584 1310 663 1374 Met.
690 1309 731 1390 l,
758 1309 959 1386 61111011.
978 1307 1019 1371 ad
1034 1309 1138 1396 Lyco·

64 1421 184 1509 phron.
208 1440 254 1484 vs.
265 1459 271 1476 ι
284 1418 365 1500 885,
380 1418 486 1500 suropo<
503 1429 520 1486 ἣ
541 1421 673 1500 literne<
701 1417 804 1482 filium
829 1415 925 1494 dicit,
942 1416 999 1480 ubi
1018 1415 1136 1499 crede,

65 1528 201 1606 Ιρίστορος
219 1525 395 1614 legendum
415 1544 479 1613 pro
500 1523 619 1606 ἐστορος·
637 1539 670 1588 01
692 1524 726 1587 in
744 1522 920 1612 Apollonio
937 1522 1137 1586 Auctorem
1163 1565 1166 1573 ·

59 1653 119 1718 pro
136 1631 340 1694 Arestoridae
360 1651 429 1694 esse
447 1629 618 1694 contendit
645 1629 852 1694 doctissimus
877 1629 1075 1693 Mezeriacus
1095 1625 1137 1691 ad

59 1735 153 1800 ovid.
172 1719 274 1825 Epist.
288 1737 351 1818 vt,
368 1734 426 1818 65,
442 1759 513 1826 pag.
527 1735 609 1824 671,
624 1735 683 1799 ubi
699 1736 828 1825 egregie
846 1734 887 1798 de
904 1735 969 1798 hoc
985 1736 1091 1820 Argo,
1105 1748 1137 1796 et

59 1863 141 1906 nave
156 1827 243 1932 Argo
259 1840 410 1930 disputat.
429 1842 527 1904 Hunc
543 1840 640 1904 etiam
656 1840 709 1903 alii
727 1841 851 1905 faciunt
867 1838 1071 1902 conditorem
1080 1860 1136 1900 ur·

60 1948 107 2011 bis
128 1948 208 2036 Argi
225 1947 354 2034 (Schol.
373 1945 520 2034 Euripid.
538 1945 698 2010 Phoeniss.
713 1945 829 2031 1123);
846 1965 945 2033 quem
965 1945 1017 2007 alii
1032 1943 1136 2006 tilium

59 2055 187 2135 Aleuae,
213 2066 249 2116 111
271 2053 379 2117 Schol.
403 2052 548 2140 AEsehyl.
570 2050 737 2115 Prometh.
766 2049 846 2138 570,
869 2051 921 2113 alii
945 2049 1074 2126 Inachi,
1097 2063 1138 2111 111

59 2157 250 2245 Apollodor.
267 2157 321 2222 lib.
337 2159 383 2240 ΙΙ,
399 2181 467 2246 cap.
485 2179 512 2239 1,
526 2162 544 2238 5
562 2180 589 2238 1,
605 2156 657 2219 alii
669 2157 758 2220 lovis
775 2173 808 2220 et
822 2156 963 2238 Niobes,
976 2171 1015 2218 ut
1028 2155 1136 2221 smol.
1189 2174 1200 2190 .

60 2263 207 2352 Euripid.
219 2265 323 2328 Orest.
339 2265 416 2350 930,
433 2287 472 2328 01
484 2261 682 2351 Pherecyde‚
697 2264 831 2327 faciunt.
845 2260 909 2326 Sed
926 2260 1136 2325 centoculum

60 2369 151 2432 illum
171 2367 335 2434 diversum
352 2386 499 2433 anostro
516 2371 603 2458 Argo
621 2389 709 2450 esse,
728 2382 815 2432 certe
834 2367 878 2430 ita
894 2388 1026 2432 censere
1040 2366 1137 2429 Vale-

60 2475 144 2539 rium
164 2493 328 2559 nostrum,
346 2492 479 2564 apparet
495 2498 533 2539 ex
546 2474 603 2539 lib.
622 2473 678 2557 lV,
697 2469 847 2557 351,11111
870 2474 1022 2565 Orpheus
1042 2473 1137 2538 fabu-

60 2583 122 2645 lam
146 2584 204 2647 lus
223 2600 255 2647 et
272 2583 415 2648 custodis
433 2584 526 2672 Argi,
545 2600 582 2646 ut
601 2584 705 2650 multo
725 2584 943 2671 antiquiorem
962 2582 1058 2646 canit.
1072 2582 1138 2644 Va·

60 2690 145 2752 riant
160 2712 238 2753 1010
255 2690 289 2753 in
307 2690 367 2753 hac
386 2689 454 2778 ipsa
470 2691 526 2751 lus
548 2688 656 2753 fabula
677 2688 830 2752 Veteres:
846 2709 1031 2775 anonymus
1049 2687 1137 2749 enim
1227 2750 1231 2755 ,

60 2792 100 2855 de
118 2793 386 2875 Incredibilihus,
406 2815 476 2882 cap.
495 2791 532 2857 15
551 2793 701 2858 editionis
722 2793 857 2856 Thomae
882 2784 979 2871 Gale,
1006 2792 1083 2855 facit
1100 2792 1138 2854 Io

60 2899 219 2963 Arestoris
233 2898 330 2963 liliam
341 2948 349 2981 ,
361 2902 483 2987 Argum
498 2920 576 2962 1010
590 2898 724 2962 fratrem
740 2899 851 2961 matris
860 2898 1019 2961 Arestoris
1031 2922 1040 2977 ς
1053 2896 1137 2963 Cha-

61 3028 115 3069 rax
132 3026 209 3071 1010
232 3006 320 3096 apud
339 3007 538 3095 Stephanum
562 3007 596 3069 in
626 3017 760 3087 Παῤῥασία
781 3006 952 3095 Pelasgum
978 3005 1139 3069 Arestoris

61 3111 187 3195 filium,
204 3114 295 3178 hunc
313 3114 446 3194 Ecbasi,
460 3113 552 3175 illum
574 3113 674 3201 Argi:
697 3135 770 3199 quae
786 3113 838 3175 vix
855 3128 988 3199 possent
1003 3112 1089 3174 inter
1105 3133 1141 3173 se

65 3240 265 3309 congruere,
280 3221 341 3284 nisi
358 3218 435 3309 Argi
450 3240 545 3282 soror
560 3234 662 3281 mater
676 3233 836 3281 statuatur
852 3219 1024 3282 Arestoris.
1044 3218 1143 3305 Apol-

63 3326 213 3408 lodorus,
229 3327 285 3393 lib.
303 3329 337 3408 Ι,
356 3350 425 3415 cap.
447 3350 488 3413 9,
506 3333 522 3408 S
543 3328 603 3409 16,
626 3327 748 3415 Phryxi
768 3324 872 3388 filium
896 3325 992 3407 facit3
1011 3325 1069 3388 sed
1086 3325 1139 3387 ille

62 3432 140 3495 alter
155 3436 264 3521 Argus
276 3449 341 3513 est,
359 3432 400 3496 de
416 3456 482 3519 quo
495 3454 571 3496 mox
581 3431 770 3496 dicendum.
784 3431 953 3519 Hyginus,
970 3430 1034 3494 fab.
1050 3430 1138 3511 XIV,

64 3535 137 3601 facit
149 3538 266 3627 Polybi
279 3554 310 3603 et
321 3538 426 3627 Argiae
436 3536 550 3619 filiurn,
561 3538 612 3601 vel
622 3537 804 3601 secundum
815 3537 909 3619 alios,
923 3533 1138 3623 Danai.Poly·

63 3640 140 3707 hum
158 3666 238 3708 1010
253 3643 404 3708 Phocidis
419 3668 546 3731 regern,
567 3644 623 3731 qui
643 3644 810 3731 OEdipum
828 3642 993 3724 educavit,
1013 3643 1140 3730 reperio
1250 3710 1257 3719 ,

64 3749 149 3835 apud
164 3750 302 3815 Diodor.
322 3748 420 3813 Sicul.
440 3750 497 3814 lib.
513 3750 569 3832 IV,
584 3773 656 3839 pag.
681 3749 754 3831 185,
771 3767 804 3813 et
819 3750 896 3813 Stat.
909 3749 1013 3814 Theb.
1027 3749 1064 3829 Ι,
1085 3749 1138 3826 64.

65 3853 200 3944 Argiam
222 3876 300 3920 vero
321 3854 390 3935 ejus
407 3873 543 3920 matrem
560 3858 655 3943 plane
673 3856 800 3947 ignoro.
819 3858 986 3921 Diversam
1002 3854 1043 3918 ab
1067 3875 1140 3918 om·

68 3958 161 4025 nibus
178 3963 368 4051 opinionem
389 3962 487 4026 tradit
502 3963 696 4027 Ptolemaeus
713 3963 952 4051 Hephaestionis
966 3964 1002 4025 F.
1018 3963 1074 4027 lib.
1090 3963 1141 4032 11,
1165 3954 1172 3969 ⁴
1239 4026 1245 4035 ,

65 4084 135 4153 pag.
151 4066 234 4150 310,
254 4069 312 4156 qui
329 4061 457 4155 prodit,
474 4069 559 4157 Argo
582 4090 695 4132 navem
715 4068 835 4133 dictam
854 4070 894 4133 ah
915 4072 1002 4158 Argo
1017 4069 1141 4131 lasonis

66 4164 150 4253 filio,
175 4192 272 4259 quem
296 4172 350 4236 ille
373 4196 483 4237 amans
502 4194 611 4237 securn
630 4173 664 4236 in
684 4172 847 4261 Scythiam
865 4173 957 4238 duxit
976 4199 984 4256 3
1008 4173 1082 4236 vide
1104 4174 1137 4233 in
1229 4175 1233 4183 '

67 4272 184 4341 Hercul
200 4327 207 4343 .
