2859 4975
276 381 340 446 386
666 368 956 444 CATALOGUS

274 504 426 593 Apollon.
444 504 477 582 Ι,
503 502 544 579 45
561 518 594 564 et
615 502 693 587 239,
726 519 758 565 et
777 503 860 566 infra
878 505 912 566 in
930 504 1056 566 Iasone.
1072 503 1280 566 Avunculum
1295 505 1348 567 Ja-

274 610 362 672 sonis
379 623 473 670 vocat
490 607 654 694 Hyginus,
672 606 747 693 qnia
766 606 953 672 Alcimeden
968 625 1104 670 matrem
1121 609 1264 690 Iasonis,
1279 612 1347 688 ejus
1423 621 1425 634 '

274 735 435 793 sororem,
458 728 491 774 et
515 711 612 775 filiam
636 711 769 800 Phylaci
792 713 917 776 faciunt
941 713 1059 800 aliqui,
1078 713 1153 776 vide
1171 714 1284 776 Heins.
1306 715 1346 777 ad

275 818 370 883 Ovid.
388 817 489 904 Epist.
507 818 606 897 XIII,
631 815 682 881 35.
704 817 767 881 Per
782 835 908 905 patrem
928 803 1023 881 etiam
1041 803 1234 882 ex'AEoIidis
1250 818 1346 882 dedu·
1423 805 1425 810 .

272 926 365 989 celtat
383 945 503 1012 genus:
522 922 685 1008 Phylocus
699 925 786 986 enim
804 923 889 987 filius
908 941 977 987 erat
995 925 1121 1012 Iphicli,
1139 924 1239 1004 hujus
1255 942 1346 1013 pater

272 1030 448 1118 Phylacus,
479 1029 564 1092 illius
595 1029 699 1092 Deion
727 1029 778 1092 vel
805 1030 992 1110 Deioneus,
1021 1029 1107 1093 AEoli
1138 1028 1243 1111 hlius3
1273 1029 1345 1094 vide
1423 1091 1425 1119 ,

272 1135 420 1201 Eustath.
436 1134 476 1198 ad
494 1137 628 1198 Homer.
646 1133 737 1198 Iliad.
755 1134 804 1215 ΙΙ,
824 1135 907 1221 6975
927 1135 1076 1222 Apollod.
1095 1136 1151 1199 lib.
1168 1138 1201 1217 Ι,
1219 1159 1290 1224 cap.
1305 1159 1344 1222 9,
1423 1159 1425 1200 ;

271 1247 331 1318 54.
348 1240 508 1328 Phylacus
525 1262 602 1303 vero
616 1241 762 1326 primus,
785 1238 871 1303 filius
889 1241 1045 1322 Deionis,
1064 1241 1213 1305 condidit
1228 1242 1343 1306 urbem

272 1347 461 1435 Phylacem,
478 1361 559 1410 teste
570 1345 741 1408 Eustathio
758 1360 792 1408 et
804 1345 972 1432 Stephano
988 1347 1022 1408 in
1038 1355 1146 1411 mado·
1160 1344 1250 1409 unde
1266 1348 1346 1432 Phy-

272 1453 406 1516 locz'dem
423 1451 547 1516 dictum
565 1443 781 1514 Protesilaum
797 1472 816 1512 a
832 1451 1021 1539 Propertio,
1039 1452 1073 1533 I,
1095 1474 1151 1538 19,
1171 1476 1190 1538 7
1210 1451 1343 1538 quidam

270 1574 406 1647 putant,
422 1579 525 1643 quum
544 1578 613 1618 non
629 1555 670 1618 ab
688 1554 822 1643 oppido,
832 1555 890 1618 sed
905 1557 946 1620 ab
962 1581 1024 1620 avo
1037 1557 1180 1645 Phylaco
1192 1559 1236 1639 II,
1253 1575 1345 1645 patre
1418 1576 1423 1593 ¹

270 1657 404 1751 Iphicli,
427 1662 471 1726 ita
488 1661 739 1732 denominetur:
759 1683 834 1724 nam
850 1661 892 1723 ab
909 1660 1032 1749 oppido
1047 1663 1159 1752 gentili
1175 1673 1343 1742 Φυλακῆσιω,

270 1770 321 1832 vel
337 1790 394 1857 per
413 1766 616 1855 periphrasin
635 1779 663 1828 te
678 1777 807 1847 martene,
826 1765 891 1830 dici
905 1767 1002 1830 docet
1018 1769 1218 1856 Stephanus3
1232 1792 1346 1855 quam·

270 1877 317 1938 vis
333 1890 366 1937 et
378 1883 514 1953 Φυλάκιος,
531 1871 571 1935 dc
583 1871 768 1950 Protesilai,
780 1872 894 1959 Iphicli
906 1871 981 1954 lilii,
994 1873 1095 1960 patria
1110 1873 1198 1961 apud
1210 1875 1343 1938 Lucian.

143 2061 147 2072 ,
271 1983 302 2044 in
322 1980 404 2043 Dial.
422 1979 521 2042 Mort.
536 2000 568 2064 p.
584 1977 660 2056 145,
682 1976 761 2040 edit.
779 1976 930 2040 BourdeI
950 1995 1110 2043 occurrat.
1127 1979 1243 2067 Iphicli
1259 2003 1344 2043 uxor

271 2086 443 2150 Diomeden
467 2084 586 2148 dicitur
608 2083 649 2147 ab
676 2083 825 2172 Hygino,
847 2085 911 2149 fab.
934 2085 1011 2168 1033
1035 2084 1093 2149 sed
1116 2086 1161 2150 ibi
1178 2087 1287 2176 agitur
1302 2087 1343 2151 de
1420 2130 1421 2133 =

268 2191 407 2280 Iphicle,
435 2191 583 2255 Herculis
608 2189 724 2270 fratrc,
755 2189 880 2276 dequo
897 2191 931 2253 in
949 2191 1040 2254 Iolco
1056 2191 1216 2270 vidimus,
1241 2216 1342 2280 quem

267 2298 417 2386 Hyginus
434 2295 512 2360 dicit
530 2318 600 2358 esse
617 2293 742 2360 dictum
760 2295 988 2375 Protesilaum,
1008 2321 1111 2384 quum
1127 2299 1262 2385 proprio
1278 2323 1342 2362 no·

270 2404 358 2468 mine
384 2401 493 2468 Iolaus
522 2401 672 2484 dicatur;
705 2402 780 2466 vide
810 2402 982 2467 Munckeri
1014 2420 1117 2467 notas.
1152 2407 1342 2470 Eustathius

272 2510 450 2595 Astyochea
470 2526 564 2573 vocat
586 2530 723 2571 uxorem
749 2508 884 2595 Iphicli,
908 2533 981 2596 quae
1005 2509 1131 2574 diversa
1153 2512 1280 2576 videtur
1301 2516 1343 2577 ah

268 2617 438 2702 Astyoche,
458 2616 585 2681 Actoris
599 2614 680 2696 lilia,
695 2615 736 2679 de
749 2637 816 2702 qua
831 2614 972 2679 vidimus
987 2617 1022 2680 in
1037 2617 1174 2681 Almelo.
1190 2620 1252 2683 Hic
1263 2644 1342 2683 vcro

268 2740 356 2787 tanta
372 2723 494 2811 pedum
510 2722 638 2785 levitate
653 2738 686 2785 et
703 2722 894 2809 pernicitate
908 2746 1022 2787 cursus
1037 2724 1137 2788 fuisse
1153 2724 1283 2809 dicitur,
1303 2746 1343 2791 ut

268 2851 365 2917 supra
381 2828 483 2915 spicas
498 2827 637 2891 triticeas
650 2842 761 2915 posset
774 2850 915 2909 currere,
929 2852 1057 2893 neceas
1070 2846 1179 2894 tamen
1193 2831 1342 2913 laederet,

267 2936 334 3015 vel,
360 2950 398 2997 ut
422 2936 613 2997 Demaratus
637 2933 763 3014 aiebat,
782 2950 821 2996 ut
846 2951 955 3021 posset
977 2956 1036 3023 per
1062 2958 1206 3000 summas
1234 2938 1342 3003 undas

269 3042 352 3123 labi3
388 3038 476 3104 unde
506 3038 538 3101 in
573 3039 783 3126 proverbium
813 3040 892 3103 abiit
926 3039 1042 3128 Iphicli
1068 3042 1234 3123 celeruas;
1264 3046 1342 3110 vide

266 3147 434 3212 Scholiast.
454 3145 604 3233 Apollon.
622 3145 643 3207 l.
660 3145 682 3208 l.
697 3161 730 3208 et
744 3146 853 3209 Tacta.
868 3145 952 3209 Chil.
963 3148 996 3227 I,
1013 3150 1071 3228 42,
1087 3163 1120 3211 et
1134 3150 1282 3214 Eustath.
1298 3152 1342 3216 ad
1414 3221 1417 3234 Ι

269 3256 405 3317 Homer.
426 3249 517 3315 Iliad.
535 3252 636 3330 XIX,
663 3272 740 3336 227,
767 3266 799 3313 et
822 3251 964 3339 Etymol.
989 3254 1098 3341 magni
1118 3271 1285 3319 auctorem
1303 3258 1341 3320 in

267 3357 381 3439 Ιῴικλος,
400 3380 472 3444 quae
491 3356 595 3444 poetis
614 3356 803 3444 hyperbolae
820 3356 1034 3421 usitatissima
1053 3358 1094 3448 de
1111 3382 1340 3451 quocumque,

266 3467 332 3529 sive
352 3463 501 3544 homine,
519 3462 585 3526 sive
602 3462 733 3525 animali
750 3462 892 3549 pernici,
916 3479 953 3526 ut
971 3465 1081 3530 multis
1093 3467 1340 3533 Escchenbach.

201 3557 204 3561 ⁵
265 3571 307 3635 ad
324 3569 429 3659 Orph.
445 3590 492 3632 rs.
514 3567 592 3655 137,
618 3583 650 3632 et
667 3568 720 3631 alii
736 3567 961 3633 ostenderunt.
980 3570 1054 3650 Qua
1077 3584 1186 3635 tamen
1203 3572 1283 3637 dote
1304 3576 1340 3639 in

266 3681 326 3745 hac
344 3674 548 3765 expeditione
564 3674 693 3740 nautica
713 3698 781 3739 non
798 3676 1020 3740 commendari
1036 3677 1183 3766 potuisse
1198 3680 1340 3765 videtur,

265 3786 340 3873 quia
354 3782 420 3862 jam
436 3782 546 3845 senior
560 3799 645 3862 erat,
665 3798 696 3846 et
710 3783 865 3868 immunis
880 3785 1028 3847 omnium
1045 3809 1204 3879 operum,
1224 3790 1285 3853 sed
1301 3808 1341 3855 nt

264 3890 419 3965 monitor,
434 3887 491 3974 qui
502 3886 637 3966 juvenco
651 3888 692 3953 ad
709 3890 863 3954 virtutem
880 3890 1075 3973 stimularet,
1091 3891 1251 3976 adscitus3
1263 3896 1340 3961 vide

263 3995 333 4061 Val.
352 3994 399 4059 ΙΙ.
416 3995 449 4073 Ι,
473 3995 549 4078 474.
573 3995 683 4074 Quare
699 3996 808 4059 mirari
822 3995 952 4082 aliquis,
971 3998 1026 4060 cui
1042 4016 1212 4085 poetarum
1229 4002 1264 4065 in
1285 4004 1338 4065 hi·

263 4100 362 4167 storia
376 4098 516 4185 mythice
534 4114 719 4185 temporum
738 4102 951 4167 confusiones
966 4103 1085 4191 ignotae
1103 4122 1197 4189 sunt,
1208 4125 1338 4195 posset,

1409 3767 1418 3824 l

1409 4783 1417 4944 l
