<?xml version="1.0" encoding="UTF-8"?>
<!DOCTYPE html PUBLIC "-//W3C//DTD XHTML 1.0 Transitional//EN"
    "http://www.w3.org/TR/xhtml1/DTD/xhtml1-transitional.dtd">
<html xmlns="http://www.w3.org/1999/xhtml" xml:lang="en" lang="en">
 <head>
  <title>
</title>
<meta http-equiv="Content-Type" content="text/html;charset=utf-8" />
  <meta name='ocr-system' content='tesseract 3.04.00' />
  <meta name='ocr-capabilities' content='ocr_page ocr_carea ocr_par ocr_line ocrx_word'/>
</head>
<body>
  <div class='ocr_page' id='page_1' title='image "bibliothecaclas119lemagoog_0283.png"; bbox 0 0 2859 4975; ppageno 0'>
   <div class='ocr_carea' id='block_1_1' title="bbox 310 311 1149 460">
    <p class='ocr_par' dir='ltr' id='par_1_1' title="bbox 310 311 1149 460">
     <span class='ocr_line' id='line_1_1' title="bbox 310 311 1149 460; baseline 0.008 -30"><span class='ocrx_word' id='word_1_1' title='bbox 310 311 746 448; x_wconf 19' lang='lat' dir='ltr'>ARXGONAUTIGOR</span> <span class='ocrx_word' id='word_1_2' title='bbox 768 369 859 433; x_wconf 90' lang='lat' dir='ltr'><strong>LIB.</strong></span> <span class='ocrx_word' id='word_1_3' title='bbox 883 369 925 433; x_wconf 85' lang='lat' dir='ltr'><strong>X.</strong></span> <span class='ocrx_word' id='word_1_4' title='bbox 1089 396 1149 460; x_wconf 85' lang='lat'><strong>²7¹</strong></span> 
     </span>
    </p>
   </div>
   <div class='ocr_carea' id='block_1_2' title="bbox 114 493 1195 3113">
    <p class='ocr_par' dir='ltr' id='par_1_2' title="bbox 114 493 1195 3113">
     <span class='ocr_line' id='line_1_2' title="bbox 128 493 887 583; baseline 0.001 -22"><span class='ocrx_word' id='word_1_5' title='bbox 128 499 164 562; x_wconf 91' lang='lat' dir='ltr'><strong>In</strong></span> <span class='ocrx_word' id='word_1_6' title='bbox 181 513 302 561; x_wconf 87' lang='lat' dir='ltr'><strong>terram</strong></span> <span class='ocrx_word' id='word_1_7' title='bbox 319 497 465 576; x_wconf 65' lang='lat' dir='ltr'><strong>vertent}</strong></span> <span class='ocrx_word' id='word_1_8' title='bbox 480 517 552 583; x_wconf 77' lang='lat' dir='ltr'><strong>que</strong></span> <span class='ocrx_word' id='word_1_9' title='bbox 568 493 680 562; x_wconf 84' lang='lat' dir='ltr'><strong>fertilis</strong></span> <span class='ocrx_word' id='word_1_10' title='bbox 696 495 804 563; x_wconf 85' lang='lat' dir='ltr'><strong>insula</strong></span> <span class='ocrx_word' id='word_1_11' title='bbox 814 496 887 562; x_wconf 87' lang='lat' dir='ltr'><strong>liet.</strong></span> 
     </span>
     <span class='ocr_line' id='line_1_3' title="bbox 126 609 1009 700; baseline 0.002 -24"><span class='ocrx_word' id='word_1_12' title='bbox 126 614 217 676; x_wconf 87' lang='lat' dir='ltr'><strong>Hanc</strong></span> <span class='ocrx_word' id='word_1_13' title='bbox 231 612 367 692; x_wconf 82' lang='lat' dir='ltr'><strong>juvenes</strong></span> <span class='ocrx_word' id='word_1_14' title='bbox 386 609 557 697; x_wconf 82' lang='lat' dir='ltr'><strong>nostrique</strong></span> <span class='ocrx_word' id='word_1_15' title='bbox 572 610 682 676; x_wconf 88' lang='lat' dir='ltr'><strong>colent</strong></span> <span class='ocrx_word' id='word_1_16' title='bbox 694 633 755 698; x_wconf 90' lang='lat' dir='ltr'><strong>per</strong></span> <span class='ocrx_word' id='word_1_17' title='bbox 767 611 850 678; x_wconf 84' lang='lat' dir='ltr'><strong>secla</strong></span> <span class='ocrx_word' id='word_1_18' title='bbox 861 629 1009 700; x_wconf 77' lang='lat' dir='ltr'><strong>nepotes.</strong></span> 
     </span>
     <span class='ocr_line' id='line_1_4' title="bbox 124 721 910 814; baseline 0.001 -23"><span class='ocrx_word' id='word_1_19' title='bbox 124 728 307 791; x_wconf 89' lang='lat' dir='ltr'><strong>Occurrens</strong></span> <span class='ocrx_word' id='word_1_20' title='bbox 326 725 423 794; x_wconf 86' lang='lat' dir='ltr'><strong>nobis</strong></span> <span class='ocrx_word' id='word_1_21' title='bbox 441 725 558 794; x_wconf 85' lang='lat' dir='ltr'><strong>Triton</strong></span> <span class='ocrx_word' id='word_1_22' title='bbox 573 721 665 790; x_wconf 87' lang='lat' dir='ltr'><strong>dedit</strong></span> <span class='ocrx_word' id='word_1_23' title='bbox 678 724 808 814; x_wconf 80' lang='lat' dir='ltr'><strong>hospita</strong></span> <span class='ocrx_word' id='word_1_24' title='bbox 822 725 910 792; x_wconf 86' lang='lat' dir='ltr'><strong>dona</strong></span> 
     </span>
     <span class='ocr_line' id='line_1_5' title="bbox 123 838 919 927; baseline 0.001 -23"><span class='ocrx_word' id='word_1_25' title='bbox 123 843 161 904; x_wconf 90' lang='lat' dir='ltr'><strong>ln</strong></span> <span class='ocrx_word' id='word_1_26' title='bbox 175 841 294 927; x_wconf 85' lang='lat' dir='ltr'>Libya,</span> <span class='ocrx_word' id='word_1_27' title='bbox 310 855 343 905; x_wconf 88' lang='lat' dir='ltr'><strong>et</strong></span> <span class='ocrx_word' id='word_1_28' title='bbox 358 839 453 908; x_wconf 89' lang='lat' dir='ltr'><strong>nobis</strong></span> <span class='ocrx_word' id='word_1_29' title='bbox 472 838 622 927; x_wconf 75' lang='lat' dir='ltr'><strong>prasenti</strong></span> <span class='ocrx_word' id='word_1_30' title='bbox 640 839 778 905; x_wconf 83' lang='lat' dir='ltr'><strong>numine</strong></span> <span class='ocrx_word' id='word_1_31' title='bbox 794 839 919 908; x_wconf 75' lang='lat' dir='ltr'><strong>fulsit».</strong></span> 
     </span>
     <span class='ocr_line' id='line_1_6' title="bbox 164 955 1150 1048; baseline 0 -25"><span class='ocrx_word' id='word_1_32' title='bbox 164 958 219 1023; x_wconf 88' lang='lat' dir='ltr'><strong>Sic</strong></span> <span class='ocrx_word' id='word_1_33' title='bbox 236 959 295 1040; x_wconf 89' lang='lat' dir='ltr'><strong>ait,</strong></span> <span class='ocrx_word' id='word_1_34' title='bbox 314 974 347 1022; x_wconf 90' lang='lat' dir='ltr'><strong>at</strong></span> <span class='ocrx_word' id='word_1_35' title='bbox 364 979 483 1024; x_wconf 78' lang='lat' dir='ltr'><strong>tantam</strong></span> <span class='ocrx_word' id='word_1_36' title='bbox 500 955 667 1024; x_wconf 80' lang='lat' dir='ltr'><strong>AEsonidae</strong></span> <span class='ocrx_word' id='word_1_37' title='bbox 683 979 753 1022; x_wconf 91' lang='lat' dir='ltr'><strong>non</strong></span> <span class='ocrx_word' id='word_1_38' title='bbox 773 958 894 1048; x_wconf 76' lang='lat' dir='ltr'><strong>cogitat</strong></span> <span class='ocrx_word' id='word_1_39' title='bbox 911 959 1009 1024; x_wconf 87' lang='lat' dir='ltr'><strong>hems</strong></span> <span class='ocrx_word' id='word_1_40' title='bbox 1111 986 1150 1036; x_wconf 76' lang='lat'><strong>760</strong></span> 
     </span>
     <span class='ocr_line' id='line_1_7' title="bbox 120 1070 953 1160; baseline 0.002 -24"><span class='ocrx_word' id='word_1_41' title='bbox 120 1072 286 1138; x_wconf 85' lang='lat' dir='ltr'><strong>Iudicium</strong></span> <span class='ocrx_word' id='word_1_42' title='bbox 302 1072 510 1159; x_wconf 78' lang='lat' dir='ltr'><strong>Euphemes:</strong></span> <span class='ocrx_word' id='word_1_43' title='bbox 534 1072 613 1160; x_wconf 91' lang='lat' dir='ltr'><strong>quin</strong></span> <span class='ocrx_word' id='word_1_44' title='bbox 630 1070 726 1136; x_wconf 91' lang='lat' dir='ltr'><strong>dictis</strong></span> <span class='ocrx_word' id='word_1_45' title='bbox 740 1072 832 1136; x_wconf 84' lang='lat' dir='ltr'><strong>laetus</strong></span> <span class='ocrx_word' id='word_1_46' title='bbox 850 1089 883 1137; x_wconf 88' lang='lat' dir='ltr'><strong>ct</strong></span> <span class='ocrx_word' id='word_1_47' title='bbox 895 1096 953 1138; x_wconf 88' lang='lat' dir='ltr'><strong>ore</strong></span> 
     </span>
     <span class='ocr_line' id='line_1_8' title="bbox 121 1161 1056 1274; baseline 0.003 -24"><span class='ocrx_word' id='word_1_48' title='bbox 121 1161 289 1268; x_wconf 60' lang='lat' dir='ltr'><strong>Vaticinm</strong></span> <span class='ocrx_word' id='word_1_49' title='bbox 304 1209 435 1274; x_wconf 83' lang='lat' dir='ltr'><strong>parvam</strong></span> <span class='ocrx_word' id='word_1_50' title='bbox 457 1184 611 1250; x_wconf 83' lang='lat' dir='ltr'><strong>demersit</strong></span> <span class='ocrx_word' id='word_1_51' title='bbox 630 1187 663 1249; x_wconf 93' lang='lat' dir='ltr'><strong>in</strong></span> <span class='ocrx_word' id='word_1_52' title='bbox 681 1208 813 1273; x_wconf 86' lang='lat' dir='ltr'><strong>aequora</strong></span> <span class='ocrx_word' id='word_1_53' title='bbox 830 1204 961 1254; x_wconf 82' lang='lat' dir='ltr'><strong>terrem.</strong></span> <span class='ocrx_word' id='word_1_54' title='bbox 1046 1195 1056 1209; x_wconf 67' lang='lat'>⁸</span> 
     </span>
     <span class='ocr_line' id='line_1_9' title="bbox 119 1301 991 1391; baseline 0.003 -26"><span class='ocrx_word' id='word_1_55' title='bbox 119 1303 246 1367; x_wconf 83' lang='lat' dir='ltr'><strong>Emicat</strong></span> <span class='ocrx_word' id='word_1_56' title='bbox 266 1303 320 1366; x_wconf 86' lang='lat' dir='ltr'><strong>illa</strong></span> <span class='ocrx_word' id='word_1_57' title='bbox 341 1323 475 1390; x_wconf 85' lang='lat' dir='ltr'><strong>repens,</strong></span> <span class='ocrx_word' id='word_1_58' title='bbox 497 1301 666 1391; x_wconf 82' lang='lat' dir='ltr'><strong>surgitque</strong></span> <span class='ocrx_word' id='word_1_59' title='bbox 688 1301 792 1366; x_wconf 86' lang='lat' dir='ltr'><strong>lerata</strong></span> <span class='ocrx_word' id='word_1_60' title='bbox 813 1301 991 1390; x_wconf 83' lang='lat' dir='ltr'><strong>profundo.</strong></span> 
     </span>
     <span class='ocr_line' id='line_1_10' title="bbox 119 1414 820 1504; baseline -0.004 -23"><span class='ocrx_word' id='word_1_61' title='bbox 119 1419 162 1481; x_wconf 77' lang='lat' dir='ltr'><strong>At</strong></span> <span class='ocrx_word' id='word_1_62' title='bbox 181 1415 280 1504; x_wconf 90' lang='lat' dir='ltr'><strong>primi</strong></span> <span class='ocrx_word' id='word_1_63' title='bbox 297 1416 414 1480; x_wconf 87' lang='lat' dir='ltr'><strong>Lemni</strong></span> <span class='ocrx_word' id='word_1_64' title='bbox 433 1414 596 1481; x_wconf 88' lang='lat' dir='ltr'><strong>Sintiados</strong></span> <span class='ocrx_word' id='word_1_65' title='bbox 614 1431 689 1479; x_wconf 89' lang='lat' dir='ltr'><strong>ante</strong></span> <span class='ocrx_word' id='word_1_66' title='bbox 709 1416 820 1479; x_wconf 92' lang='lat' dir='ltr'><strong>coloni</strong></span> 
     </span>
     <span class='ocr_line' id='line_1_11' title="bbox 119 1529 1146 1620; baseline -0.007 -25"><span class='ocrx_word' id='word_1_67' title='bbox 119 1531 213 1595; x_wconf 90' lang='lat' dir='ltr'><strong>lllinc</strong></span> <span class='ocrx_word' id='word_1_68' title='bbox 228 1531 353 1620; x_wconf 83' lang='lat' dir='ltr'><strong>expulsi</strong></span> <span class='ocrx_word' id='word_1_69' title='bbox 367 1531 577 1619; x_wconf 82' lang='lat' dir='ltr'><strong>Tyrrhenum</strong></span> <span class='ocrx_word' id='word_1_70' title='bbox 593 1529 735 1594; x_wconf 88' lang='lat' dir='ltr'><strong>fortibus</strong></span> <span class='ocrx_word' id='word_1_71' title='bbox 752 1531 868 1612; x_wconf 89' lang='lat' dir='ltr'><strong>armis,</strong></span> <span class='ocrx_word' id='word_1_72' title='bbox 1110 1553 1146 1601; x_wconf 73' lang='lat'><strong>7⁶⁵</strong></span> 
     </span>
     <span class='ocr_line' id='line_1_12' title="bbox 118 1645 1070 1735; baseline 0.001 -25"><span class='ocrx_word' id='word_1_73' title='bbox 118 1647 205 1710; x_wconf 84' lang='lat' dir='ltr'><strong>Tum</strong></span> <span class='ocrx_word' id='word_1_74' title='bbox 219 1647 355 1735; x_wconf 83' lang='lat' dir='ltr'><strong>Sparten</strong></span> <span class='ocrx_word' id='word_1_75' title='bbox 372 1646 502 1711; x_wconf 87' lang='lat' dir='ltr'><strong>coluere</strong></span> <span class='ocrx_word' id='word_1_76' title='bbox 518 1645 642 1734; x_wconf 85' lang='lat' dir='ltr'><strong>ipsam,</strong></span> <span class='ocrx_word' id='word_1_77' title='bbox 661 1669 760 1733; x_wconf 85' lang='lat' dir='ltr'><strong>quam</strong></span> <span class='ocrx_word' id='word_1_78' title='bbox 775 1647 924 1735; x_wconf 86' lang='lat' dir='ltr'><strong>linquere</strong></span> <span class='ocrx_word' id='word_1_79' title='bbox 940 1645 1070 1711; x_wconf 88' lang='lat' dir='ltr'><strong>adactos</strong></span> 
     </span>
     <span class='ocr_line' id='line_1_13' title="bbox 116 1759 780 1825; baseline -0.002 -1"><span class='ocrx_word' id='word_1_80' title='bbox 116 1760 348 1824; x_wconf 88' lang='lat' dir='ltr'><strong>Autesionides</strong></span> <span class='ocrx_word' id='word_1_81' title='bbox 362 1783 459 1825; x_wconf 91' lang='lat' dir='ltr'><strong>ausus</strong></span> <span class='ocrx_word' id='word_1_82' title='bbox 474 1759 646 1824; x_wconf 81' lang='lat' dir='ltr'><strong>traducere</strong></span> <span class='ocrx_word' id='word_1_83' title='bbox 656 1759 780 1823; x_wconf 86' lang='lat' dir='ltr'><strong>Theras</strong></span> 
     </span>
     <span class='ocr_line' id='line_1_14' title="bbox 114 1872 847 1962; baseline 0.003 -27"><span class='ocrx_word' id='word_1_84' title='bbox 114 1872 154 1936; x_wconf 90' lang='lat' dir='ltr'><strong>In</strong></span> <span class='ocrx_word' id='word_1_85' title='bbox 172 1889 293 1937; x_wconf 88' lang='lat' dir='ltr'><strong>terram</strong></span> <span class='ocrx_word' id='word_1_86' title='bbox 309 1873 414 1962; x_wconf 85' lang='lat' dir='ltr'><strong>pelagi</strong></span> <span class='ocrx_word' id='word_1_87' title='bbox 433 1873 604 1956; x_wconf 86' lang='lat' dir='ltr'><strong>Callisten‚</strong></span> <span class='ocrx_word' id='word_1_88' title='bbox 622 1873 758 1937; x_wconf 88' lang='lat' dir='ltr'><strong>nomina</strong></span> <span class='ocrx_word' id='word_1_89' title='bbox 774 1874 847 1938; x_wconf 88' lang='lat' dir='ltr'><strong>luce</strong></span> 
     </span>
     <span class='ocr_line' id='line_1_15' title="bbox 115 1987 891 2076; baseline 0.001 -26"><span class='ocrx_word' id='word_1_90' title='bbox 115 1987 165 2050; x_wconf 84' lang='lat' dir='ltr'><strong>Ex</strong></span> <span class='ocrx_word' id='word_1_91' title='bbox 185 1987 240 2052; x_wconf 88' lang='lat' dir='ltr'><strong>illa</strong></span> <span class='ocrx_word' id='word_1_92' title='bbox 258 1988 398 2076; x_wconf 86' lang='lat' dir='ltr'><strong>sumpsit</strong></span> <span class='ocrx_word' id='word_1_93' title='bbox 418 1988 543 2069; x_wconf 87' lang='lat' dir='ltr'><strong>There,</strong></span> <span class='ocrx_word' id='word_1_94' title='bbox 564 2003 640 2076; x_wconf 91' lang='lat' dir='ltr'><strong>post</strong></span> <span class='ocrx_word' id='word_1_95' title='bbox 660 1987 775 2052; x_wconf 83' lang='lat' dir='ltr'><strong>funera</strong></span> <span class='ocrx_word' id='word_1_96' title='bbox 797 1988 891 2068; x_wconf 88' lang='lat' dir='ltr'><strong>cujus</strong></span> 
     </span>
     <span class='ocr_line' id='line_1_16' title="bbox 114 2100 1147 2192; baseline -0.002 -28"><span class='ocrx_word' id='word_1_97' title='bbox 114 2100 279 2189; x_wconf 87' lang='lat' dir='ltr'><strong>Euphemi</strong></span> <span class='ocrx_word' id='word_1_98' title='bbox 299 2101 381 2166; x_wconf 85' lang='lat' dir='ltr'><strong>facta</strong></span> <span class='ocrx_word' id='word_1_99' title='bbox 403 2117 452 2165; x_wconf 88' lang='lat' dir='ltr'><strong>est</strong></span> <span class='ocrx_word' id='word_1_100' title='bbox 471 2101 542 2166; x_wconf 80' lang='lat' dir='ltr'><strong>haec</strong></span> <span class='ocrx_word' id='word_1_101' title='bbox 563 2101 669 2165; x_wconf 90' lang='lat' dir='ltr'><strong>insula</strong></span> <span class='ocrx_word' id='word_1_102' title='bbox 690 2116 760 2165; x_wconf 83' lang='lat' dir='ltr'><strong>tota</strong></span> <span class='ocrx_word' id='word_1_103' title='bbox 778 2100 920 2189; x_wconf 85' lang='lat' dir='ltr'><strong>superbi.</strong></span> <span class='ocrx_word' id='word_1_104' title='bbox 1098 2137 1147 2192; x_wconf 38' lang='lat' dir='ltr'><strong>,no</strong></span> 
     </span>
     <span class='ocr_line' id='line_1_17' title="bbox 162 2214 988 2304; baseline 0.001 -26"><span class='ocrx_word' id='word_1_105' title='bbox 162 2214 246 2280; x_wconf 91' lang='lat' dir='ltr'><strong>lnde</strong></span> <span class='ocrx_word' id='word_1_106' title='bbox 263 2216 484 2304; x_wconf 87' lang='lat' dir='ltr'><strong>relinquentes</strong></span> <span class='ocrx_word' id='word_1_107' title='bbox 503 2215 599 2281; x_wconf 91' lang='lat' dir='ltr'><strong>celeri</strong></span> <span class='ocrx_word' id='word_1_108' title='bbox 620 2215 702 2280; x_wconf 86' lang='lat' dir='ltr'><strong>freta</strong></span> <span class='ocrx_word' id='word_1_109' title='bbox 722 2215 853 2280; x_wconf 88' lang='lat' dir='ltr'><strong>turbida</strong></span> <span class='ocrx_word' id='word_1_110' title='bbox 873 2239 988 2297; x_wconf 89' lang='lat' dir='ltr'><strong>cursu,</strong></span> 
     </span>
     <span class='ocr_line' id='line_1_18' title="bbox 114 2329 902 2422; baseline -0.001 -27"><span class='ocrx_word' id='word_1_111' title='bbox 114 2331 225 2396; x_wconf 84' lang='lat' dir='ltr'><strong>Litora</strong></span> <span class='ocrx_word' id='word_1_112' title='bbox 243 2355 342 2397; x_wconf 88' lang='lat' dir='ltr'><strong>curva</strong></span> <span class='ocrx_word' id='word_1_113' title='bbox 360 2333 475 2422; x_wconf 88' lang='lat' dir='ltr'><strong>legunt</strong></span> <span class='ocrx_word' id='word_1_114' title='bbox 488 2331 615 2422; x_wconf 84' lang='lat' dir='ltr'><strong>AEginae</strong></span> <span class='ocrx_word' id='word_1_115' title='bbox 634 2329 816 2418; x_wconf 79' lang='lat' dir='ltr'><strong>Asopidos3</strong></span> <span class='ocrx_word' id='word_1_116' title='bbox 837 2331 902 2394; x_wconf 92' lang='lat' dir='ltr'><strong>illic</strong></span> 
     </span>
     <span class='ocr_line' id='line_1_19' title="bbox 114 2443 895 2534; baseline 0.003 -26"><span class='ocrx_word' id='word_1_117' title='bbox 114 2443 186 2509; x_wconf 90' lang='lat' dir='ltr'><strong>Lite</strong></span> <span class='ocrx_word' id='word_1_118' title='bbox 203 2444 264 2509; x_wconf 83' lang='lat' dir='ltr'><strong>viri</strong></span> <span class='ocrx_word' id='word_1_119' title='bbox 281 2461 403 2510; x_wconf 88' lang='lat' dir='ltr'><strong>certare</strong></span> <span class='ocrx_word' id='word_1_120' title='bbox 418 2459 533 2534; x_wconf 89' lang='lat' dir='ltr'><strong>parant</strong></span> <span class='ocrx_word' id='word_1_121' title='bbox 549 2459 622 2509; x_wconf 88' lang='lat' dir='ltr'><strong>uter</strong></span> <span class='ocrx_word' id='word_1_122' title='bbox 637 2444 766 2509; x_wconf 89' lang='lat' dir='ltr'><strong>hauriat</strong></span> <span class='ocrx_word' id='word_1_123' title='bbox 781 2443 895 2510; x_wconf 87' lang='lat' dir='ltr'><strong>undas.</strong></span> 
     </span>
     <span class='ocr_line' id='line_1_20' title="bbox 114 2560 846 2650; baseline -0.001 -26"><span class='ocrx_word' id='word_1_124' title='bbox 114 2562 263 2650; x_wconf 88' lang='lat' dir='ltr'><strong>Cogebat</strong></span> <span class='ocrx_word' id='word_1_125' title='bbox 278 2561 369 2625; x_wconf 88' lang='lat' dir='ltr'><strong>duris</strong></span> <span class='ocrx_word' id='word_1_126' title='bbox 385 2561 525 2650; x_wconf 91' lang='lat' dir='ltr'><strong>populos</strong></span> <span class='ocrx_word' id='word_1_127' title='bbox 543 2560 578 2624; x_wconf 91' lang='lat' dir='ltr'><strong>in</strong></span> <span class='ocrx_word' id='word_1_128' title='bbox 595 2561 694 2625; x_wconf 90' lang='lat' dir='ltr'><strong>rebus</strong></span> <span class='ocrx_word' id='word_1_129' title='bbox 710 2576 846 2649; x_wconf 85' lang='lat' dir='ltr'><strong>egestas.</strong></span> 
     </span>
     <span class='ocr_line' id='line_1_21' title="bbox 114 2673 1145 2764; baseline -0.002 -27"><span class='ocrx_word' id='word_1_130' title='bbox 114 2673 364 2763; x_wconf 87' lang='lat' dir='ltr'><strong>Myrmidonum</strong></span> <span class='ocrx_word' id='word_1_131' title='bbox 383 2675 479 2764; x_wconf 91' lang='lat' dir='ltr'><strong>pueri</strong></span> <span class='ocrx_word' id='word_1_132' title='bbox 497 2697 657 2739; x_wconf 88' lang='lat' dir='ltr'><strong>memores</strong></span> <span class='ocrx_word' id='word_1_133' title='bbox 675 2674 861 2738; x_wconf 89' lang='lat' dir='ltr'><strong>certaminis</strong></span> <span class='ocrx_word' id='word_1_134' title='bbox 879 2674 942 2737; x_wconf 89' lang='lat' dir='ltr'><strong>acti</strong></span> <span class='ocrx_word' id='word_1_135' title='bbox 1107 2700 1145 2751; x_wconf 74' lang='lat' dir='ltr'><strong>„s</strong></span> 
     </span>
     <span class='ocr_line' id='line_1_22' title="bbox 114 2789 884 2879; baseline -0.004 -26"><span class='ocrx_word' id='word_1_136' title='bbox 114 2790 140 2853; x_wconf 85' lang='lat' dir='ltr'>A</span> <span class='ocrx_word' id='word_1_137' title='bbox 154 2790 302 2879; x_wconf 86' lang='lat' dir='ltr'><strong>proavis,</strong></span> <span class='ocrx_word' id='word_1_138' title='bbox 320 2807 461 2855; x_wconf 92' lang='lat' dir='ltr'><strong>currunt</strong></span> <span class='ocrx_word' id='word_1_139' title='bbox 473 2790 568 2854; x_wconf 87' lang='lat' dir='ltr'><strong>celeri</strong></span> <span class='ocrx_word' id='word_1_140' title='bbox 582 2812 640 2877; x_wconf 92' lang='lat' dir='ltr'><strong>per</strong></span> <span class='ocrx_word' id='word_1_141' title='bbox 651 2789 747 2852; x_wconf 89' lang='lat' dir='ltr'><strong>litora</strong></span> <span class='ocrx_word' id='word_1_142' title='bbox 759 2789 884 2877; x_wconf 84' lang='lat' dir='ltr'><strong>planta,</strong></span> 
     </span>
     <span class='ocr_line' id='line_1_23' title="bbox 114 2904 953 2996; baseline 0.002 -30"><span class='ocrx_word' id='word_1_143' title='bbox 114 2904 291 2993; x_wconf 85' lang='lat' dir='ltr'><strong>Turbaque</strong></span> <span class='ocrx_word' id='word_1_144' title='bbox 305 2928 394 2971; x_wconf 91' lang='lat' dir='ltr'><strong>nunc</strong></span> <span class='ocrx_word' id='word_1_145' title='bbox 407 2906 506 2994; x_wconf 87' lang='lat' dir='ltr'><strong>prisci</strong></span> <span class='ocrx_word' id='word_1_146' title='bbox 519 2904 691 2971; x_wconf 87' lang='lat' dir='ltr'><strong>contendit</strong></span> <span class='ocrx_word' id='word_1_147' title='bbox 708 2905 856 2996; x_wconf 84' lang='lat' dir='ltr'><strong>imagine</strong></span> <span class='ocrx_word' id='word_1_148' title='bbox 864 2905 953 2985; x_wconf 79' lang='lat' dir='ltr'><strong>ludi,</strong></span> 
     </span>
     <span class='ocr_line' id='line_1_24' title="bbox 114 3018 1195 3113; baseline 0.006 -28"><span class='ocrx_word' id='word_1_149' title='bbox 114 3020 269 3103; x_wconf 90' lang='lat' dir='ltr'><strong>Quorum</strong></span> <span class='ocrx_word' id='word_1_150' title='bbox 277 3019 433 3083; x_wconf 88' lang='lat' dir='ltr'><strong>humeros</strong></span> <span class='ocrx_word' id='word_1_151' title='bbox 440 3020 543 3109; x_wconf 86' lang='lat' dir='ltr'><strong>gravis</strong></span> <span class='ocrx_word' id='word_1_152' title='bbox 553 3018 642 3084; x_wconf 89' lang='lat' dir='ltr'><strong>unda</strong></span> <span class='ocrx_word' id='word_1_153' title='bbox 650 3019 914 3107; x_wconf 82' lang='lat' dir='ltr'><strong>premit,premit</strong></span> <span class='ocrx_word' id='word_1_154' title='bbox 922 3035 955 3083; x_wconf 89' lang='lat' dir='ltr'><strong>et</strong></span> <span class='ocrx_word' id='word_1_155' title='bbox 963 3018 1195 3113; x_wconf 85' lang='lat' dir='ltr'><strong>cadusingcns.</strong></span> 
     </span>
    </p>
   </div>
   <div class='ocr_carea' id='block_1_3' title="bbox 111 3354 1007 4015">
    <p class='ocr_par' dir='ltr' id='par_1_3' title="bbox 111 3354 1007 4015">
     <span class='ocr_line' id='line_1_25' title="bbox 158 3354 959 3445; baseline -0.004 -22"><span class='ocrx_word' id='word_1_156' title='bbox 158 3358 319 3423; x_wconf 70' lang='lat' dir='ltr'><strong>Genusus</strong></span> <span class='ocrx_word' id='word_1_157' title='bbox 329 3356 469 3421; x_wconf 88' lang='lat' dir='ltr'><strong>heroum</strong></span> <span class='ocrx_word' id='word_1_158' title='bbox 482 3357 559 3420; x_wconf 81' lang='lat' dir='ltr'><strong>felix</strong></span> <span class='ocrx_word' id='word_1_159' title='bbox 574 3377 695 3445; x_wconf 86' lang='lat' dir='ltr'><strong>genus,</strong></span> <span class='ocrx_word' id='word_1_160' title='bbox 714 3356 815 3444; x_wconf 88' lang='lat' dir='ltr'><strong>impia</strong></span> <span class='ocrx_word' id='word_1_161' title='bbox 827 3354 959 3443; x_wconf 90' lang='lat' dir='ltr'><strong>quando</strong></span> 
     </span>
     <span class='ocr_line' id='line_1_26' title="bbox 113 3469 986 3562; baseline -0.001 -25"><span class='ocrx_word' id='word_1_162' title='bbox 113 3474 170 3537; x_wconf 90' lang='lat' dir='ltr'><strong>Vis</strong></span> <span class='ocrx_word' id='word_1_163' title='bbox 187 3471 305 3552; x_wconf 89' lang='lat' dir='ltr'><strong>maris,</strong></span> <span class='ocrx_word' id='word_1_164' title='bbox 324 3488 357 3536; x_wconf 91' lang='lat' dir='ltr'><strong>et</strong></span> <span class='ocrx_word' id='word_1_165' title='bbox 376 3470 498 3535; x_wconf 89' lang='lat' dir='ltr'><strong>crebris</strong></span> <span class='ocrx_word' id='word_1_166' title='bbox 517 3471 691 3536; x_wconf 89' lang='lat' dir='ltr'><strong>cessabunt</strong></span> <span class='ocrx_word' id='word_1_167' title='bbox 710 3469 810 3535; x_wconf 85' lang='lat' dir='ltr'><strong>flabra</strong></span> <span class='ocrx_word' id='word_1_168' title='bbox 826 3472 986 3562; x_wconf 88' lang='lat' dir='ltr'><strong>procellis.</strong></span> 
     </span>
     <span class='ocr_line' id='line_1_27' title="bbox 113 3581 1007 3671; baseline -0.004 -20"><span class='ocrx_word' id='word_1_169' title='bbox 113 3584 263 3669; x_wconf 84' lang='lat' dir='ltr'><strong>Laetitiae,</strong></span> <span class='ocrx_word' id='word_1_170' title='bbox 280 3600 461 3671; x_wconf 87' lang='lat' dir='ltr'><strong>cantusque</strong></span> <span class='ocrx_word' id='word_1_171' title='bbox 474 3581 632 3648; x_wconf 85' lang='lat' dir='ltr'><strong>aderunt:</strong></span> <span class='ocrx_word' id='word_1_172' title='bbox 654 3607 733 3647; x_wconf 83' lang='lat' dir='ltr'><strong>mox</strong></span> <span class='ocrx_word' id='word_1_173' title='bbox 747 3584 876 3671; x_wconf 88' lang='lat' dir='ltr'><strong>pectine</strong></span> <span class='ocrx_word' id='word_1_174' title='bbox 894 3584 1007 3650; x_wconf 86' lang='lat' dir='ltr'><strong>Phoebi</strong></span> 
     </span>
     <span class='ocr_line' id='line_1_28' title="bbox 113 3698 904 3786; baseline -0.004 -22"><span class='ocrx_word' id='word_1_175' title='bbox 113 3700 251 3764; x_wconf 90' lang='lat' dir='ltr'><strong>Dulcior</strong></span> <span class='ocrx_word' id='word_1_176' title='bbox 267 3698 391 3762; x_wconf 86' lang='lat' dir='ltr'><strong>attollet</strong></span> <span class='ocrx_word' id='word_1_177' title='bbox 404 3711 528 3761; x_wconf 85' lang='lat' dir='ltr'><strong>vestros</strong></span> <span class='ocrx_word' id='word_1_178' title='bbox 548 3720 647 3786; x_wconf 87' lang='lat' dir='ltr'><strong>super</strong></span> <span class='ocrx_word' id='word_1_179' title='bbox 663 3714 748 3761; x_wconf 86' lang='lat' dir='ltr'><strong>astra</strong></span> <span class='ocrx_word' id='word_1_180' title='bbox 764 3698 904 3779; x_wconf 81' lang='lat' dir='ltr'><strong>labores,</strong></span> 
     </span>
     <span class='ocr_line' id='line_1_29' title="bbox 114 3811 879 3901; baseline -0.003 -23"><span class='ocrx_word' id='word_1_181' title='bbox 114 3817 290 3878; x_wconf 88' lang='lat' dir='ltr'><strong>Annorum</strong></span> <span class='ocrx_word' id='word_1_182' title='bbox 309 3834 464 3901; x_wconf 90' lang='lat' dir='ltr'><strong>superans</strong></span> <span class='ocrx_word' id='word_1_183' title='bbox 482 3811 645 3875; x_wconf 85' lang='lat' dir='ltr'><strong>volventia</strong></span> <span class='ocrx_word' id='word_1_184' title='bbox 668 3812 774 3876; x_wconf 87' lang='lat' dir='ltr'><strong>secula</strong></span> <span class='ocrx_word' id='word_1_185' title='bbox 796 3812 879 3877; x_wconf 85' lang='lat' dir='ltr'><strong>Clio.</strong></span> 
     </span>
     <span class='ocr_line' id='line_1_30' title="bbox 111 3924 875 4015; baseline -0.005 -22"><span class='ocrx_word' id='word_1_186' title='bbox 111 3930 238 3994; x_wconf 88' lang='lat' dir='ltr'><strong>Rursus</strong></span> <span class='ocrx_word' id='word_1_187' title='bbox 251 3928 292 3991; x_wconf 85' lang='lat' dir='ltr'><strong>ab</strong></span> <span class='ocrx_word' id='word_1_188' title='bbox 305 3926 423 4015; x_wconf 85' lang='lat' dir='ltr'><strong>AEgina</strong></span> <span class='ocrx_word' id='word_1_189' title='bbox 437 3924 651 3990; x_wconf 89' lang='lat' dir='ltr'><strong>redeuntibus</strong></span> <span class='ocrx_word' id='word_1_190' title='bbox 661 3948 776 4014; x_wconf 84' lang='lat' dir='ltr'><strong>aspera</strong></span> <span class='ocrx_word' id='word_1_191' title='bbox 792 3926 875 3990; x_wconf 90' lang='lat' dir='ltr'><strong>bella</strong></span> 
     </span>
    </p>
   </div>
   <div class='ocr_carea' id='block_1_4' title="bbox 113 4038 972 4164">
    <p class='ocr_par' dir='ltr' id='par_1_4' title="bbox 113 4038 972 4164">
     <span class='ocr_line' id='line_1_31' title="bbox 113 4038 972 4127; baseline -0.003 -20"><span class='ocrx_word' id='word_1_192' title='bbox 113 4044 211 4107; x_wconf 82' lang='lat' dir='ltr'><strong>Nulla</strong></span> <span class='ocrx_word' id='word_1_193' title='bbox 228 4058 330 4106; x_wconf 91' lang='lat' dir='ltr'><strong>ratem</strong></span> <span class='ocrx_word' id='word_1_194' title='bbox 346 4062 495 4127; x_wconf 85' lang='lat' dir='ltr'><strong>pressura</strong></span> <span class='ocrx_word' id='word_1_195' title='bbox 510 4055 660 4120; x_wconf 87' lang='lat' dir='ltr'><strong>manent,</strong></span> <span class='ocrx_word' id='word_1_196' title='bbox 678 4062 739 4104; x_wconf 89' lang='lat' dir='ltr'><strong>nec</strong></span> <span class='ocrx_word' id='word_1_197' title='bbox 756 4038 896 4104; x_wconf 91' lang='lat' dir='ltr'><strong>turbinis</strong></span> <span class='ocrx_word' id='word_1_198' title='bbox 912 4042 972 4104; x_wconf 89' lang='lat' dir='ltr'><strong>atri</strong></span> 
     </span>
     <span class='ocr_line' id='line_1_32' title="bbox 692 4136 706 4164; baseline 0 0"><span class='ocrx_word' id='word_1_199' title='bbox 692 4136 706 4164; x_wconf 69' lang='lat'>0</span> 
     </span>
    </p>
   </div>
   <div class='ocr_carea' id='block_1_5' title="bbox 0 0 1434 4975">
    <p class='ocr_par' dir='ltr' id='par_1_5' title="bbox 0 0 1434 4975">
     <span class='ocr_line' id='line_1_33' title="bbox 0 0 1434 4975; baseline 0 3"><span class='ocrx_word' id='word_1_200' title='bbox 0 0 1434 4975; x_wconf 95' lang='lat' dir='ltr'><strong> </strong></span> 
     </span>
    </p>
   </div>
  </div>
 </body>
</html>
