2859 4975
443 399 829 464 ARGONAUTIGA.
1099 346 1175 494 '295

144 529 272 592 Eudori
287 529 568 618 AEnippe‘peperit
585 530 728 596 formosa
743 528 859 616 puella.

189 644 254 707 Hic
271 645 371 734 igitur
387 667 499 708 mensa
512 645 638 732 Minyas
657 642 888 730 fovet-bospite
905 658 1057 722 cunctos,

143 758 401 846 Flexipedesque
416 760 536 841 boves,
554 761 758 849 pinguesque
771 757 828 822 dat
841 779 910 820 esse
923 757 1102 837 juvencos,
1141 776 1179 814 5⁰⁰
1268 756 1272 763 '

143 874 362 962 Agrestesque
380 897 472 950 sues,
489 891 522 940 et
537 875 628 938 rubri
644 874 864 964 poemanini,
937 914 942 934 .

144 990 188 1052 Et
204 1011 327 1078 panum
345 990 494 1053 cumulos
509 989 602 1058 dono
618 988 674 1053 dat
689 990 774 1052 ferre
790 1011 849 1077 per
864 989 978 1052 altum.

143 1106 287 1192 Insuper
302 1120 335 1167 et
350 1118 474 1185 vestes,
488 1105 632 1185 tunicas,
647 1105 817 1192 pictosque
833 1119 966 1191 tapetas.

144 1218 284 1283 Fecerat
302 1219 402 1282 aetatis
418 1241 477 1306 par
492 1219 563 1284 illos
579 1219 809 1307 gratiacaros,

143 1333 377 1422 Appositisque
392 1355 489 1398 suum
504 1349 551 1398 'est
565 1333 703 1421 dapibus
720 1347 856 1397 testatus
872 1308 1027 1396 amorem.
1140 1352 1182 1391 tot

193 1447 257 1512 Sed
272 1465 446 1536 postquam
463 1447 584 1512 Oceani
598 1447 691 1512 latuit
709 1446 758 1510 sol
775 1469 901 1510 mersus
915 1447 950 1508 in
967 1447 1066 1511 undis
1073 1496 1087 1528 ‚¹

145 1561 306 1650 Lunaque
320 1579 520 1627 nocturnum
537 1562 635 1626 stellis
653 1560 782 1626 induxit
794 1561 981 1642 honorem,

146 1677 279 1741 Prosilit
292 1677 416 1741 Arctois
432 1677 536 1765 pubes
554 1693 634 1741 tuno
652 1676 770 1742 Martia
786 1677 893 1757 silvis,

145 1791 386 1878 Persimilisque
401 1791 477 1855 feris
493 1789 590 1855 facies
609 1791 671 1855 fuit
684 1790 837 1871 horrida,
856 1792 971 1878 quales

145 1906 278 1969 Titanas
292 1907 455 1985 referunt,
468 1906 606 1970 fortesve
622 1905 721 1969 luisse
734 1906 898 1993 Gigantes.
1140 1924 1177 1961 tw

144 2019 231 2083 Nam
246 2041 302 2084 sex
315 2020 433 2107 cuique
446 2020 573 2084 inerant
585 2041 661 2082 oum
678 2017 768 2082 durh
785 2019 917 2082 brachia
932 2018 1062 2093 dennis.

147 2136 241 2217 Quos
259 2109 356 2197 simul
373 2150 412 2197 ut
427 2149 521 2197 torvo
537 2131 690 2198 viderunt
708 2133 832 2198 lumine
847 2155 955 2222 reges,

147 2249 187 2311 ln
203 2269 349 2336 pugnam
363 2264 396 2312 et
412 2247 512 2310 duros
529 2264 701 2312 assumunt
714 2270 804 2311 arma
818 2248 954 2340 labores.

146 2365 342 2455 Pugnabant
356 2365 402 2430 illi
418 2365 516 2454 piceis
532 2367 873 2455 hastisqneabiegnis3
899 2416 904 2426 .

147 2481 190 2544 Et
207 2482 333 2570 Minyas
347 2480 490 2546 tenebris
505 2481 665 2547 invadunt
678 2483 785 2547 noctis
802 2504 921 2570 opacae.
1137 2496 1175 2533 ⁵1⁵

110 2602 112 2617 '
146 2596 211 2661 Sed
234 2612 355 2660 temere
369 2597 526 2663 instantes
539 2613 632 2661 natus
646 2599 724 2661 Jove
739 2593 867 2660 fortiter
878 2618 957 2659 arcu

147 2709 310 2775 stridente
326 2710 463 2793 occidit,
483 2713 637 2792 juvenem
653 2695 787 2797 quoque
805 2709 947 2798 perdidit
963 2732 1030 2772 una

148 2825 309 2912 Cyzicon,
325 2825 445 2888 invitus
461 2825 554 2906 licet,
577 2842 675 2912 atque
695 2840 830 2887 errasset
845 2825 881 2886 in
894 2824 970 2906 illo,

148 2932 226 3003 Fata
243 2938 301 3003 sed
317 2940 475 3028 urgebant
495 2938 613 3003 Alcidae
630 2937 964 3015 occumberedextra.

98 3120 99 3125 χ
149 3054 262 3134 Quum
280 3053 389 3117 subito
405 3054 439 3115 in
454 3052 591 3141 puppim
609 3054 692 3116 saltu
709 3054 897 3116 referuntur
909 3051 1071 3116 aduncam
1138 3071 1176 3107 ⁵20

148 3166 271 3230 Armati
286 3166 424 3255 Minyae,
440 3183 538 3255 atque
552 3189 664 3231 omnes
683 3190 742 3231 sua
758 3183 898 3230 transtra
912 3168 1083 3246 tenebant,
1159 3199 1162 3202 ·
1216 3228 1222 3235 .

147 3281 270 3369 Tiphys
287 3280 328 3343 ab
347 3280 470 3343 excelsa
485 3279 541 3345 dat
556 3280 647 3344 sibila
660 3298 789 3368 puppe,
809 3279 968 3367 jubetque

148 3395 185 3457 In
205 3416 320 3457 navem
338 3394 520 3482 scalamque
534 3396 639 3477 trahi,
654 3396 801 3483 solvique
822 3394 988 3459 rudentes.

149 3508 192 3571 At
208 3530 276 3570 non
292 3509 466 3572 solvuntur
486 3510 600 3591 funes,
617 3510 674 3574 sed
694 3532 775 3573 nave
794 3524 920 3573 retenta
1015 3570 1018 3582 ,
1203 3597 1206 3603 ¹

147 3624 277 3687 Arctius
292 3624 458 3689 haerebant
473 3625 588 3689 subitas
605 3624 646 3687 do
662 3647 754 3688 more
775 3624 922 3712 procellae
1135 3609 1172 3679 ⁵3⁵

148 3738 285 3803 Vincula
303 3737 465 3803 nodorum
480 3739 630 3826 :stupuit
644 3755 716 3802 tum
732 3738 840 3801 navita
858 3737 980 3824 Tiphys

149 3854 319 3943 Egregius,
329 3854 396 3934 jam
412 3876 491 3919 voce
506 3876 618 3917 carens
634 3870 666 3931 et
681 3854 819 3940 liquerat
833 3855 937 3942 Argus

148 3970 342 4050 Temonem,
356 3968 474 4060 fluctus
488 3992 599 4058 exspes
613 3969 748 4033 evadere
762 3986 885 4048 tantos,

148 4083 341 4173 Indignante
353 4085 443 4149 Rhea
456 4084 614 4173 populum
629 4106 686 4172 per
699 4083 831 4146 vulnera
846 4105 973 4146 caesum.
