2859 4975
281 443 344 486 202
592 426 628 488 C.
652 425 850 489 VALERll
887 425 1059 492 FLACCl

325 553 395 618 Nec
413 554 528 618 subitis
545 556 673 620 turbam
694 557 812 640 minis,
829 557 919 646 prior
936 576 1075 648 occupat
1091 580 1199 624 unum

252 735 256 752 ἲ
326 667 529 752 AEsoniden‚
546 671 709 760 longeque
728 673 844 754 trahit,
861 695 938 737 mox
956 673 1073 739 talibus
1096 675 1186 740 infit:

236 843 239 854 ,
326 782 405 846 «Me
419 805 571 871 quoque,
590 783 650 865 vir,
667 801 776 849 tecum
793 785 931 872 Minya,
950 786 1125 852 fortissima
1141 790 1261 877 pubes,
1312 811 1345 855 ns

325 897 429 962 Nocte
446 896 565 985 dieque
582 913 732 980 movent3
751 898 846 964 liceat
862 923 1060 990 cognoscere
1078 902 1228 986 tandem,

325 1010 358 1074 Si
377 1009 477 1074 modo
498 1010 631 1076 Peliacae
648 1035 717 1075 non
733 1035 807 1076 sum
824 1013 948 1102 captiva
965 1016 1104 1099 carium,
1221 1006 1224 1011 ¹

324 1125 395 1190 Nee
409 1125 562 1190 dominos
579 1126 715 1214 decepta
729 1150 860 1216 sequor,
878 1131 1092 1219 consultaque
1107 1147 1213 1196 vestra

324 1246 384 1309 Fas
401 1243 513 1309 audire
529 1245 620 1310 mihi.
634 1245 770 1328 Vereor,
788 1246 942 1312 fidissime
961 1249 1101 1333 conjux,

324 1359 378 1424 Nil
397 1359 568 1448 equidem:
591 1361 744 1425 miserere
762 1373 891 1444 tamen,
910 1365 1134 1452 promissaque
1152 1387 1244 1430 serva
1314 1389 1347 1430 o·

325 1476 437 1563 Usque
452 1474 494 1540 ad
504 1476 707 1540 Thessalicos
723 1479 835 1542 saltem
850 1479 1015 1543 connubia
1032 1497 1166 1568 portus,

325 1591 429 1679 Inque
446 1606 503 1655 tua
521 1613 574 1655 me
591 1611 708 1679 sperne
725 1591 843 1657 domo:
862 1594 923 1657 seis
946 1605 978 1658 te
998 1593 1082 1657 mihi
1099 1611 1207 1677 certe,

326 1705 402 1769 Non
418 1704 524 1769 socios
535 1706 659 1786 jurasse
678 1722 771 1790 tu0s3
788 1706 823 1770 hi
839 1706 975 1772 reddere
992 1708 1102 1772 forsan

324 1821 383 1884 Fas
397 1819 556 1900 habeant3
578 1818 638 1883 tibi
657 1841 727 1883 non
744 1811 858 1883 eadem
877 1821 1032 1908 permissa
1047 1837 1202 1910 potestas.

322 1935 434 2022 Teque
451 1934 549 2000 simul
564 1956 694 2010 mecum
708 1934 777 2024 ipsa
791 1934 932 2018 traham3
954 1957 1023 1999 non
1040 1936 1108 1999 sola
1130 1953 1286 2024 reposcor
1314 1955 1347 1999 os

323 2049 424 2138 Virgo
441 2071 582 2130 nocens,
599 2065 697 2138 atque
712 2050 774 2113 hae
787 2050 909 2138 pariter
922 2065 991 2113 rate
1009 2049 1154 2139 fugimus
1169 2074 1295 2115 omnes.

324 2166 375 2226 An
392 2162 500 2226 fratris
516 2179 548 2227 te
562 2163 646 2226 bella
665 2164 747 2246 mei,
768 2164 944 2252 patriaeque
960 2164 1100 2228 biremes

310 2351 365 2405 tus.
381 2353 431 2396 His.
440 2349 516 2396 Vrtir.
526 2352 616 2395 Boron.
628 2349 698 2395 codd.
712 2351 766 2402 His,
784 2358 807 2395 et
818 2363 851 2395 re.
861 2364 910 2410 seq.
926 2349 1017 2395 abeant.
1032 2348 1092 2396 Eud.
1106 2357 1161 2396 rute
1178 2349 1260 2396 lleiu‘o.
1271 2357 1349 2410 preter

278 2432 378 2493 lingent.
391 2457 422 2466 -
436 2435 494 2484 tat.
507 2429 630 2476 Promissa.
640 2429 717 2477 Velio.
732 2431 823 2476 Boron.
843 2429 914 2475 codd.
932 2455 963 2464 -
979 2430 1034 2484 426.
1050 2431 1108 2476 Huc.
1118 2431 1217 2495 ,Bonum
1226 2439 1264 2491 set
1278 2433 1349 2476 llum

279 2510 350 2557 codd.
360 2513 450 2557 Boron.
462 2512 473 2556 1
484 2520 508 2557 et
520 2511 552 2557 ll.
570 2512 614 2557 En.

278 2678 398 2733 constitit
409 2679 471 2743 sibi,
482 2699 528 2730 nec
542 2682 625 2731 subitis
639 2684 737 2731 turbata
750 2682 795 2730 mi·
840 2683 929 2732 turniu
939 2694 982 2731 tua
991 2700 1124 2748 mespeme
1132 2684 1220 2742 domo,
1231 2679 1351 2753 repndin,

278 2761 328 2818 nis,
339 2758 465 2829 periculis
475 2760 559 2826 ‚prior
569 2774 683 2827 occupat,
692 2768 796 2811 se'con·
839 2759 861 2811 si
870 2757 906 2812 ita
917 2759 1006 2826 lubet,
1017 2760 1060 2812 vel
1069 2777 1119 2831 pro
1132 2760 1233 2813 ancilla
1243 2760 1349 2820 habeam

278 2838 360 2890 vertit
370 2837 405 2891 ed
416 2838 558 2902 Jasonenr‚
573 2842 694 2906 longeque
706 2838 741 2889 ah
755 2856 796 2891 so-
839 2856 921 2910 qnam
935 2839 962 2891 in
973 2841 1044 2894 bello
1057 2850 1196 2910 captarum
1209 2838 1349 2891 mulierum

278 2915 325 2970 ciis
339 2928 471 2970 remotum
485 2920 574 2978 trahit,
591 2917 700 2969 seorsim
712 2916 794 2969 ducit.
838 2929 936 2971 mrtem
946 2936 1017 2990 sepe
1028 2918 1112 2971 fnisse
1122 2918 1248 2971 novimus
1261 2917 1349 2970 exllo

314 2997 375 3058 415.
382 3002 424 3049 Me
436 3017 534 3065 quoque
543 3011 621 3047 tecum
630 3000 736 3063 Minyae,
739 2998 795 3065 for·
838 3016 920 3051 meno.

276 3078 370 3128 tissima
385 3082 474 3146 pubes,
488 3092 561 3128 nocte
579 3080 668 3145 dieque
683 3092 794 3137 movent,
875 3083 935 3139 lan.
948 3080 1000 3128 Seis
1010 3091 1034 3128 te
1046 3090 1112 3128 certe
1121 3078 1303 3146 milijurasse,
1315 3094 1351 3127 so·

276 3156 416 3209 sollicitam
434 3156 534 3209 habent
556 3168 611 3208 tam
635 3155 751 3227 egregii,
768 3168 795 3209 te
838 3158 892 3210 eios
915 3176 970 3210 non
985 3157 1124 3228 item‚qni
1143 3157 1165 3209 si
1185 3158 1299 3211 fortusse
1313 3176 1352 3209 me
1412 3175 1413 3228 ς

277 3233 360 3302 duce,
381 3236 434 3289 viri
453 3239 583 3309 juvenes:
602 3247 722 3288 ettamen
742 3234 794 3289 hoe
838 3236 962 3290 tradendi
976 3238 1022 3309 jus
1040 3238 1176 3300 habeant,
1194 3237 1245 3290 tibi
1269 3248 1353 3289 temen

276 3314 343 3367 mihi
362 3314 453 3379 dicas,
470 3335 505 3366 au
524 3318 621 3383 captiva
637 3314 687 3367 sim
706 3327 794 3367 vestra
839 3333 913 3389 equa
926 3329 1040 3388 potestus
1052 3336 1107 3369 non
1125 3328 1172 3369 est.
1183 3317 1267 3381 Quod
1281 3315 1303 3370 si
1317 3329 1353 3368 tn·

277 3391 306 3445 in
322 3394 400 3458 navi,
418 3409 454 3447 an
475 3412 531 3447 nou
546 3397 705 3465 conjugem,
719 3392 794 3463 quod
838 3397 1352 3462 menfeceris‚tesimulmecumtmm

276 3473 449 3542 promiseras,
473 3472 519 3525 sed
546 3476 671 3524 dominum
691 3476 794 3540 decepta
838 3492 944 3527 mecum
966 3474 1001 3527 ad
1023 3486 1125 3547 patrem
1142 3473 1292 3534 abducam.
1310 3473 1354 3547 qni
1412 3505 1413 3516 κ

277 3571 375 3618 sequar.
387 3546 450 3606 Noli
463 3570 506 3604 me
518 3551 617 3617 celare,
628 3550 739 3625 quidde
750 3570 794 3605 me
838 3572 893 3606 non
910 3572 953 3606 me
966 3553 1049 3606 sulam
1064 3565 1095 3606 nt
1111 3564 1254 3607 nocentem
1270 3572 1353 3626 perse·
1412 3567 1413 3598 1

262 3627 455 3685 “decreveritis
837 3633 936 3705 quitur,
957 3632 1003 3685 sed
1022 3645 1067 3697 te,
1082 3644 1109 3685 et
1128 3632 1233 3686 velleris
1250 3646 1279 3687 et
1296 3632 1354 3685 filiu
1412 3655 1413 3684 ;

313 3717 374 3778 419.
393 3712 447 3764 Aba
474 3723 500 3763 te
529 3710 655 3782 quidem,
670 3713 794 3779 fidissime
837 3713 1354 3783 raptorem3atquelaaepariterraeefi1·

276 3793 386 3859 conjux,
401 3790 481 3843 talem
492 3792 563 3844 enim
577 3803 604 3843 te
615 3808 671 3843 esse
681 3808 791 3860 persua·
824 3796 827 3801 '
834 3795 917 3859 gimur
927 3810 1025 3850 omnes,
1039 3803 1165 3854 cunctos,
1181 3802 1316 3863 quotquot
1328 3790 1354 3841 in

276 3886 335 3921 sum
354 3869 459 3932 haheo,
477 3868 517 3921 nil
535 3870 634 3934 time0;
652 3869 674 3920 si
702 3882 793 3922 tamen
835 3870 896 3922 navi
906 3888 1052 3935 versamur,
1066 3869 1159 3922 endem
1172 3871 1254 3941 culpa
1268 3882 1353 3934 tenet3

275 3947 323 3999 tibi
331 3948 408 4001 sociis
418 3948 569 4002 cedendum
580 3966 636 4001 esse
647 3948 791 4016 existimes,
836 3967 927 4002 omnes
936 3961 966 4001 ut
979 3948 1103 4020 fugitivos
1112 3949 1263 4019 insequitur
1272 3960 1353 4021 pater.

275 4030 310 4077 ira
328 4032 411 4080 crimen
428 4029 554 4087 miserere,
572 4039 602 4079 nt
617 4028 711 4081 saltem
727 4048 790 4098 pro·
872 4034 932 4098 427.
942 4029 1043 4081 Forsan
1055 4047 1119 4081 vero
1130 4040 1185 4092 tot,
1195 4029 1353 4099 quibnsfra·

274 4106 348 4159 missi
361 4126 421 4178 jura
439 4106 566 4161 connubii
584 4125 689 4173 serves,
703 4106 789 4161 donec
834 4120 875 4161 ter
895 4120 921 4161 te
939 4110 1052 4179 premit,
1065 4108 1175 4160 navibus
1194 4109 1353 4179 perterrefa-

274 4184 301 4241 in
328 4186 443 4259 patriam
471 4199 543 4239 tuum
571 4186 789 4257 pervenerimus3
835 4200 910 4250 etus,
929 4207 972 4240 me
988 4186 1127 4241 deserendi
1149 4187 1295 4240 consilium
1316 4202 1355 4239 oe·
