2859 4975
250 396 317 469 4¹4
525 435 528 439 ›
631 393 936 459 CATALOGUS

246 514 386 591 Jarone;
403 511 479 579 ride
492 513 590 578 etiam
603 512 725 581 Meum.
738 513 835 581 Thes.
850 537 920 603 cap.
937 514 988 580 23.
1002 515 1044 580 Et
1057 515 1146 582 idem
1154 519 1321 596 Valerius,

249 621 306 687 lib.
317 623 357 701 V,
374 641 437 705 90,
456 619 696 709 expeditionem
707 622 872 703 Herculis,
887 623 1007 688 comite
1021 623 1166 705 Theseo,
1180 624 1214 688 in
1226 629 1323 690 Ama-

248 750 348 792 zonas
363 726 505 814 priorem
521 725 599 790 facit
613 729 848 817 Argonautica,
862 730 1010 816 quamvis
1024 753 1064 792 ex
1075 730 1191 794 Iustini
1206 730 1264 795 lib.
1275 733 1322 812 11,

249 837 287 913 4,
302 832 418 920 aliquis
435 831 648 919 posteriorem
661 849 772 920 posset
785 831 931 916 eredere,
946 835 1002 921 qui
1020 834 1101 898 dicit
1117 857 1237 900 norem
1253 837 1325 903 lon-

248 938 298 1027 gis
313 938 450 1002 navibus
461 937 637 1002 Hermtlem
650 937 848 1025 profectum,
865 940 970 1025 quuiu
984 939 1038 1002 alii
1053 939 1190 1026 primam
1206 963 1323 1006 navem

249 1044 398 1109 bellioem
411 1045 501 1131 Argo
516 1059 679 1125 statuant,
698 1059 736 1118 ut
752 1044 871 1132 passim
887 1045 982 1111 etiam
1001 1046 1158 1112 Valerius.
1174 1047 1225 1110 De
1243 1047 1325 1110 The-

248 1173 300 1212 seo
315 1149 405 1236 ipso,
424 1166 459 1214 et
474 1172 516 1212 au
535 1165 629 1237 pater
643 1149 783 1239 AEgeus,
801 1173 841 1216 au
860 1151 1035 1239 Neptunus
1051 1151 1167 1234 fuerit,
1178 1151 1324 1240 denique

252 1255 296 1319 de
307 1256 380 1336 ejus
390 1271 459 1319 tota
470 1255 554 1337 rita,
565 1279 608 1320 ne
620 1273 731 1320 actum
742 1279 892 1346 gumtis,
906 1257 947 1320 ed
961 1257 1126 1320 Plutarchi
1137 1258 1227 1322 inter
1236 1275 1326 1322 rete·

249 1386 318 1444 res,
338 1378 372 1426 et
385 1361 538 1443 Meursii,
554 1361 792 1451 diligentissimi
815 1364 900 1428 inter
921 1364 1118 1457 recentiores
1135 1366 1323 1454 scriptoris,

155 1467 158 1472 ’
247 1468 345 1533 vitam
354 1468 474 1532 Thesei
489 1468 686 1558 ablegamus.

292 1691 544 1760 THESSALUS.
570 1693 668 1756 Hunc
689 1693 777 1756 inter
799 1695 1002 1782 Argonautas
1027 1692 1122 1758 video
1147 1695 1265 1782 reponi
1288 1697 1321 1758 in

248 1799 359 1864 iudice
377 1797 531 1864 Munkeri
546 1798 581 1862 in
600 1798 787 1886 Hyginum
804 1797 862 1862 sed
888 1823 1009 1864 errasse
1021 1798 1119 1864 oredo
1135 1817 1322 1881 auctorem,

248 1905 357 1993 quum
371 1927 440 1968 nou
457 1904 500 1967 sit
515 1925 637 1967 nomen
654 1904 841 1990 proprium,
861 1904 919 1968 sed
934 1905 1060 1992 patriae,
1084 1929 1149 1993 qua
1160 1906 1323 1994 Polyphe-

249 2036 336 2092 mus,
363 2011 523 2099 Pirithous
543 2027 577 2074 et
597 2011 708 2099 plures
733 2011 784 2074 alii
808 2012 893 2076 inter
910 2013 1113 2101 Argonautas
1133 2030 1321 2078 censentur.

248 2121 364 2206 Neque
379 2116 549 2181 Thessalus
565 2117 635 2198 ille,
657 2117 714 2204 qui
736 2117 776 2180 ab
794 2119 944 2207 Hygino,
963 2141 1030 2206 cap.
1050 2116 1133 2201 225,
1159 2121 1320 2208 templum

246 2225 334 2289 Jovis
356 2222 516 2287 Dodonaei
544 2221 663 2286 dicitur
688 2224 850 2310 posuisse,
874 2227 1061 2313 Argonauta
1084 2224 1156 2288 fuit.
1178 2225 1325 2290 Thessali

246 2353 324 2413 ¹vero
342 2329 452 2417 plures
467 2329 501 2392 in
523 2328 666 2416 mythice
681 2327 816 2392 historia
834 2329 1058 2416 reperiuntur,
1072 2329 1138 2392 hoc
1153 2345 1320 2416 tamquam

206 2469 210 2482 ·
246 2436 379 2525 proprio
396 2433 530 2497 nomine
546 2432 702 2523 insigniti.
727 2434 775 2498 Ita
793 2433 940 2499 Herculis
958 2432 1077 2516 fllium,
1100 2435 1320 2523 patremPhi·

246 2543 327 2631 lippi
343 2559 376 2607 et
391 2540 543 2629 nosipsi,
566 2539 763 2610 Thessaliam
783 2542 878 2609 vocat
897 2541 1028 2629 Dictys,
1048 2542 1103 2608 lib.
1118 2543 1171 2622 ΙΙ,
1195 2564 1266 2630 (ap.
1283 2546 1319 2622 4,

245 2649 304 2737 qui
321 2651 405 2712 forte
421 2647 508 2711 idem
530 2660 592 2727 est,
609 2668 712 2733 quem·
724 2644 935 2723 Heracliden,
956 2661 989 2711 et
1009 2670 1130 2711 nomen
1148 2648 1321 2713 Thessaliae

247 2754 390 2835 dedisse,
406 2751 485 2817 dicit
504 2751 612 2818 Schol.
626 2751 778 2839 Apollon.
794 2752 861 2833 tlt,
883 2752 984 2837 1089,
1004 2769 1037 2817 et
1053 2750 1204 2835 Pindari,
1226 2753 1319 2819 Nem.

246 2862 302 2942 IV,
327 2862 389 2940 403
415 2856 472 2925 sed
490 2857 544 2921 ille
558 2872 633 2945 post
650 2856 721 2921 hacc
736 2872 884 2943 tempora
897 2856 992 2938 vixit3
1014 2857 1089 2925 vide
1108 2856 1262 2925 Munker.
1279 2857 1319 2921 ad

174 2956 179 2960 ’
244 2966 364 3056 Hygin.
381 2964 445 3029 fab.
464 2956 518 3049 97.
538 2961 690 3027 AEmonis
706 2960 810 3029 filium
828 2962 1014 3030 Thessalum
1026 2963 1211 3053 Stephanus
1224 2981 1319 3030 vocat

109 3144 110 3148 ,
244 3074 279 3138 in
296 3082 418 3153 steorte,
433 3087 466 3135 et
481 3064 560 3133 alios
578 3069 679 3133 hahet
691 3067 756 3132 hoc
773 3069 906 3134 nomine
924 3070 957 3135 in
978 3080 1065 3149 Δώριον
1088 3086 1121 3135 et
1137 3068 1235 3153 Aene-
1246 3070 1319 3137 vide

244 3196 277 3245 et
295 3201 368 3266 quae
387 3176 571 3243 notavimus
587 3174 629 3239 nd
648 3174 755 3270 Oyidfl
772 3175 863 3256 tbin,
886 3198 932 3239 rs.
948 3173 1022 3241 285.

288 3403 503 3482 THESTOR,
521 3400 662 3465 Idmonis
677 3399 779 3481 filius,
797 3398 920 3475 anullo
936 3399 1071 3487 quidem
1087 3402 1317 3490 scriptoreAr·

244 3512 444 3602 gonauticon
465 3524 684 3588 memoratus,
705 3506 766 3571 sed
788 3507 981 3579 Scholiastes
1004 3510 1187 3596 Apollonii,
1210 3510 1266 3575 lib.
1283 3512 1316 3588 1,

248 3620 331 3704 239,
356 3616 435 3704 dicit
451 3614 610 3703 quosdam
635 3612 829 3689 credidisse,
849 3614 940 3679 illum
961 3617 1125 3705 navigasse
1142 3638 1219 3681 cum
1238 3617 1316 3697 illis,

245 3724 304 3789 sed
318 3721 451 3811 proprio
466 3721 600 3785 nomine
616 3735 743 3783 mutato
760 3719 794 3781 in
806 3719 958 3801 ldmona,
976 3721 1020 3784 ob
1037 3720 1187 3808 peritiam
1205 3721 1315 3785 vatici·

244 3828 363 3911 nandi,
382 3827 457 3892 vide
477 3828 511 3889 in
532 3827 671 3889 Idmone.
696 3825 775 3905 Ejus
797 3824 860 3889 iilia
878 3826 1022 3890 Theonoe
1042 3842 1144 3914 nupta
1163 3828 1313 3905 Admeto,

200 3947 202 3950 '
242 3936 303 4002 ubi
321 3934 405 3998 vide.
424 3933 526 3997 Filius
544 3934 614 4011 ejus
630 3932 862 3996 celeberrimus
881 3933 935 3997 iile
956 3932 989 3995 in
1013 3931 1221 4020 expeditione
1236 3934 1314 3996 Tro·

242 4048 317 4126 jana
345 4058 433 4106 vates
467 4039 605 4103 Colchos
637 4040 722 4120 fuit,
770 4041 826 4127 qui
863 4039 939 4103 inde
970 4038 1089 4128 passim
1123 4040 1315 4105 Thestorides

243 4153 389 4216 dicitur„
429 4150 432 4153 ’
