2859 4975
323 414 451 485 NOVI
480 418 730 487 EDITORIS
761 424 921 494 NOTAE.
1115 441 1154 505 81

123 554 158 606 V.
170 552 229 607 325.
245 556 410 623 Aloioemque
420 558 507 610 nivem.
520 558 620 612 Confer
629 560 725 633 Virgil.
736 564 797 617 AEn.
808 566 867 632 111,
879 570 929 639 ¹73
941 587 948 623 ε
1047 519 1051 526 ’

244 670 274 715 Et
284 678 372 716 terram
389 670 491 718 altricem
503 673 556 719 sevi
569 690 715 723 exsecramur
726 680 806 738 Ulyxi.

122 794 159 845 V.
172 794 233 861 339.
244 800 404 865 Prcedarique
411 801 492 867 juvat.
504 832 540 839 -
549 801 625 874 Virg.
640 805 703 857 AEu.
715 806 764 873 IX,
775 808 827 861 613
838 826 846 860 :

228 914 380 975 comportare
391 918 460 977 juvat
469 919 573 979 praedas,
590 930 613 966 at
625 921 703 968 virere
717 933 792 985 rapto.

122 1053 159 1105 V.
175 1052 236 1117 340.
250 1056 337 1115 Discit,
356 1072 379 1107 et
397 1061 490 1109 Edonis
510 1062 624 1111 asebium
642 1062 733 1113 missile
751 1067 833 1115 venus

245 1140 365 1193 Concitet.

83 1250 183 1308 Edoni,
196 1266 294 1301 nomeu
308 1247 446 1321 cujusdam
458 1250 542 1321 gentis
550 1250 671 1305 Thraciae
678 1290 687 1316 ,
698 1272 752 1324 quo
763 1273 832 1327 sepe
843 1258 915 1327 apud
926 1275 1018 1333 poetas
1030 1270 1158 1328 unium

83 1328 209 1385 Thracias
219 1330 393 1403 designantur
403 1334 508 1387 incolae.
521 1334 565 1388 Sic
575 1335 669 1407 Virgil.
685 1340 748 1391 AEn.
757 1338 830 1404 XII,
846 1340 896 1397 365
908 1364 916 1398 s

244 1453 279 1498 Ac
290 1453 355 1499 velut
365 1452 442 1498 Edoni
452 1456 530 1501 Borea
543 1470 617 1517 quum
632 1456 728 1517 spiritus
738 1459 786 1507 alto

245 1527 445 1588 lusonatAEgaeo.

83 1631 129 1685 sic
142 1650 236 1703 supra,
253 1653 276 1687 v.
291 1632 356 1701 324,
369 1639 472 1705 Argiae,
484 1655 532 1707 pro
548 1642 644 1691 Groeee.

121 1784 160 1835 V.
171 1782 232 1835 351.
242 1788 275 1835 Et
288 1778 363 1835 Graio
371 1804 471 1853 poenom
482 1790 513 1837 de
526 1806 626 1855 copore
632 1807 748 1855 poscens.
755 1791 898 1856 -Quaerit
908 1795 1078 1856 Burmannus
1088 1825 1158 1877 qun-

83 1884 153 1919 nam
168 1866 218 1919 ista
229 1867 263 1919 sit
276 1887 369 1938 poena,
382 1868 507 1939 quamde
527 1872 655 1925 cadavere
668 1873 781 1945 quisque
797 1879 933 1948 poscebat.
954 1882 1014 1937 Mos
1026 1900 1083 1941 erat
1095 1893 1159 1947 Bar.

80 1950 159 2003 haris
181 1950 249 2003 hosti
270 1964 351 2023 caput
370 1964 525 2024 amputare,
542 1965 567 2006 et
589 1954 618 2006 in
638 1954 749 2009 modurn
770 1958 896 2032 triumphi
913 1967 1048 2035 praeferre.
1068 1974 1159 2033 Potest

81 2034 211 2088 Valerius
225 2034 297 2087 huuc
310 2054 412 2088 morem
429 2030 482 2091 boc
495 2039 554 2091 loco
565 2038 720 2111 respexisse.

124 2156 157 2207 V.
172 2156 234 2209 352.
246 2160 378 2225 Mediaque
386 2162 411 2211 in
421 2178 521 2229 corpore
529 2180 618 2229 pugna
627 2165 910 2221 (busseium-Durum
921 2172 975 2226 hoo
983 2176 1087 2233 videtur
1095 2183 1159 2238 Bur.

80 2258 201 2303 manuo,
216 2240 254 2292 ita
267 2240 393 2294 nimirum
410 2242 582 2315 intelligenti,
595 2246 672 2317 quasi
688 2247 828 2301 institerint
840 2257 945 2325 corpori
957 2257 1043 2314 Graeci
1055 2276 1082 2317 et
1091 2265 1156 2340 Sey·

81 2325 139 2375 thae
149 2340 157 2386 ;
172 2322 247 2395 quod
258 2323 317 2376 fieri
333 2325 450 2396 potuisse
463 2346 517 2380 non
534 2339 629 2399 negat,
645 2330 667 2381 si
679 2331 803 2403 giganteo
819 2336 889 2389 mole
903 2337 1019 2412 fingatur
1027 2347 1161 2406 Canthus.

81 2406 300 2476 praepositionem
314 2408 356 2469 in,
374 2426 433 2479 qua
445 2408 550 2463 videtur
562 2411 607 2465 hic
623 2430 679 2467 esse
697 2434 748 2486 pro
761 2420 805 2479 de,
817 2418 897 2474 nimis
907 2423 943 2475 ad
957 2429 1067 2483 verbum
1085 2453 1158 2492 soce

81 2489 125 2560 pit
138 2495 319 2546 Burmannus

121 2627 156 2680 V.
169 2627 220 2681 353
224 2663 369 2681 .........
374 2635 487 2700 :Magno
501 2636 580 2686 vehsa
590 2653 662 2702 quum
677 2640 834 2691 turbinesese

230 2717 311 2781 Ipsius
322 2717 412 2780 AEoliae
417 2716 548 2784 frangunt
562 2720 587 2768 in
607 2721 690 2772 limine
698 2724 778 2783 venti,

231 2800 306 2870 Querar
312 2801 399 2868 pelagi
411 2803 507 2861 rabies,
520 2820 591 2869 quem
600 2802 697 2864 nubilo,
710 2825 831 2874 quemque
838 2827 957 2877 sequatur
1027 2876 1032 2900 ,

228 2881 276 2930 Ille
285 2883 345 2930 dies.
852 2900 854 2905 '

85 3029 96 3050 .
109 3002 178 3055 Vitii
195 3020 251 3054 uon
270 3002 367 3066 unius,
380 3005 548 3059 obscuritatis
564 3008 657 3061 saltem
676 3012 762 3082 arguit
778 3012 851 3066 huuc
866 3016 956 3072 locum
970 3021 1156 3099 Burmannus,

83 3087 129 3138 cui
143 3105 194 3138 nec
207 3088 369 3146 ,norim-nec
385 3089 410 3138 in
434 3090 529 3151 limine,
544 3107 594 3143 nec
607 3094 649 3143 ille
661 3096 713 3144 dies
729 3095 844 3164 placent.
863 3099 920 3171 Ego
933 3123 1014 3171 vero,
1025 3127 1084 3180 quie
1096 3132 1157 3173 mea

83 3185 124 3226 e„
148 3168 342 3242 interpretandi
357 3171 399 3223 vel
416 3171 521 3236 levitas,
542 3173 586 3226 vel
606 3173 734 3237 facilitas,
755 3178 861 3246 omnia,
874 3201 909 3235 no
928 3185 1030 3242 literaria
1047 3195 1156 3265 quidem

84 3265 204 3317 mutata,
222 3253 368 3324 intelligere
384 3254 450 3306 mihi
460 3257 563 3309 videor.
581 3257 683 3323 Quidni
703 3261 775 3312 enim
794 3264 925 3332 AEoliam‚
942 3288 1022 3341 qnam
1037 3277 1156 3336 absolute

83 3340 124 3391 sic
136 3339 250 3408 positam
263 3356 312 3408 pro
325 3339 450 3410 regione,
466 3341 538 3394 unde
552 3345 624 3394 venti
645 3344 798 3398 emittantur
816 3349 850 3399 ab
860 3351 952 3416 AEolo,
967 3358 1039 3427 apud
1049 3367 1156 3421 Veteres

85 3439 143 3474 sese
161 3433 240 3491 negat
257 3421 389 3474 invenisse
407 3429 590 3489 Burmannus,
607 3425 704 3480 oblitus
721 3441 811 3482 tamen
820 3430 941 3504 Virgilii,
959 3457 1038 3510 quem
1047 3445 1156 3506 Valerio
1170 3448 1173 3457 ’

84 3506 254 3558 obversatum
267 3507 378 3558 omuino
386 3506 451 3558 mihi
462 3508 625 3578 persuadeo,
636 3512 698 3563 ΕΗ·
709 3511 739 3574 Ῑ,
751 3512 800 3576 5²,
813 3525 840 3565 θῑ
849 3515 930 3586 ίΡθῘΠθ
940 3521 1042 3594 Νθθῑῑῗ,
1053 3529 1078 3595 1,
1093 3531 1155 3602 57⁶2

84 3589 199 3660 quidni,
217 3590 345 3659 inquam,
365 3591 498 3654 AEoliam,
518 3603 600 3644 totam
620 3611 718 3664 nempe
732 3596 845 3650 insulam
863 3618 912 3669 pro
931 3615 1010 3659 antro
1027 3612 1038 3678 (
1047 3617 1155 3668 AEoliam

80 3689 180 3742 Imm
201 3674 257 3745 ipse
270 3674 365 3725 Noster
380 3673 462 3726 habet
479 3675 510 3737 Ι,
527 3676 597 3746 654)
616 3677 838 3751 carceribusque,
853 3685 949 3753 quibus
967 3688 1005 3742 ibi
1020 3698 1156 3752 conclusos

84 3759 193 3810 tenebat
205 3769 298 3812 ventos
309 3756 415 3819 AEolus,
427 3777 527 3830 ponere
537 3772 641 3828 poetam
654 3761 767 3815 voluisse
776 3763 915 3821 credamus
925 3769 937 3820 Ρ
946 3777 1039 3828 Euboea
1047 3778 1161 3849 deinde,

85 3861 168 3912 quam
180 3841 270 3895 AEoliae
290 3841 348 3894 loco
368 3843 525 3895 substituere
540 3843 640 3922 mavult
652 3844 770 3899 'Batavus
784 3848 913 3919 Criticus,
932 3854 1000 3908 nihil
1016 3863 1158 3930 profecerit

85 3924 125 3978 ad
146 3925 231 3978 lucem
251 3928 311 3978 loco
329 3925 519 3979 effundendam
530 3948 538 3992 ;
551 3929 634 3979 immo
649 3945 712 3980 vero
730 3931 877 3987 obscuritas
889 3951 1001 4008 augetur
1014 3963 1062 4008 eo,
1084 3950 1156 4018 quod

84 4023 145 4058 rum
159 4027 211 4060 non
227 4009 279 4062 nisi
297 4022 416 4062 contorte
434 4028 565 4080 exponere
578 4011 681 4082 possis,
693 4012 759 4084 quid
775 4016 825 4068 sibi
839 4019 901 4070 velit
913 4021 941 4073 in
955 4026 1038 4078 limine
1048 4035 1156 4088 Euboeoe.

86 4089 207 4162 Denique
222 4095 263 4143 ille
282 4095 334 4144 dies
351 4093 456 4146 nullum
475 4095 680 4162 sensum'facere
698 4096 785 4149 eidem
798 4101 913 4171 videtur,
927 4109 1057 4182 ‘malitque
1071 4114 1156 4187 legere

84 4177 156 4226 mille
173 4179 255 4238 νίκη
268 4177 340 4248 quod
361 4197 441 4248 quam
455 4179 554 4247 parurn
569 4181 747 4248 necessarium
766 4184 815 4248 sit,
832 4188 920 4240 statim
937 4196 1084 4262 apparebit.
1099 4201 1156 4272 Ego

178 4266 220 4329 ll.
596 4331 598 4338 .
1008 4284 1029 4346 6
