2859 4975
307 351 312 374 ¹
410 384 834 450 Aneonluranun.
1092 389 1155 474 399

83 510 176 600 quod
193 509 282 573 unde
298 505 431 587 habeat,
451 509 566 572 vellem
578 506 765 570 docuisset:
789 479 816 570 si
840 509 927 570 enim
951 509 1078 596 Seriphi
1100 533 1156 572 rer

83 619 215 697 fuisset,
236 614 396 703 potuisset
410 612 607 701 Polydecten
623 628 682 674 aut
700 612 837 698 Dictyn,
862 635 945 698 quos
964 635 1003 676 ex
1018 617 1156 701 posteris

82 721 219 811 Nauplii
233 720 351 808 prioris
368 719 469 782 fuisse
483 718 643 799 vidimus,
666 717 861 806 cognatione
878 720 1060 807 contigisse.
1079 721 1156 784 lllo·

82 851 160 891 rum
176 843 286 890 autem
304 841 452 912 posteros
471 825 581 888 nescio
596 846 637 887 an
652 825 785 888 Veteres
800 827 1073 906 memoraverint3
1099 823 1156 915 qui

82 957 164 996 vero
180 932 404 1019 supplementa
416 929 532 1010 adjecit
542 930 701 1009 Morerio,
714 947 802 994 recte
812 953 888 994 eum
903 931 1036 1018 quidem
1049 953 1157 1018 repre·
1259 971 1266 984 .

82 1037 217 1116 hendit,
239 1035 330 1123 quod
351 1037 474 1100 nullam
498 1035 631 1122 Nauplii
655 1035 773 1122 prioris
799 1036 1001 1099 mentionem
1027 1036 1155 1116 lecerit,

83 1129 186 1231 quem
204 1161 312 1206 tamen
329 1143 398 1230 ipse
412 1165 544 1216 censor,
570 1165 612 1204 an
628 1141 746 1220 fuerit,
769 1141 919 1228 ignorat,
936 1163 998 1206 nec
1020 1159 1157 1206 stemma

83 1250 217 1337 Nauplii
228 1263 377 1312 accurate
389 1264 538 1312 excutere
549 1242 707 1334 satagens,
715 1246 757 1311 ad
765 1245 1012 1333 Apollodorum,
1022 1248 1157 1312 obvium

84 1355 242 1419 omnibus
257 1355 292 1416 in
309 1355 370 1418 hac
385 1354 516 1416 materia
529 1369 697 1416 auctorem
711 1353 861 1432 remittit,
880 1375 978 1439 quem
992 1376 1052 1416 nos
1064 1355 1155 1419 Nau·

85 1461 173 1548 plios
185 1460 270 1523 dnos
277 1458 481 1524 confundere
494 1456 707 1521 ostendimus.
720 1457 901 1520 Maximum
914 1456 979 1520 hoc
994 1480 1032 1521 ex
1045 1459 1156 1524 furum

84 1565 406 1653 Lexicographorum
423 1563 552 1650 scriptis
567 1579 616 1626 est
627 1560 895 1642 incommodum,
914 1562 1005 1650 quod
1017 1565 1068 1626 vel
1084 1566 1157 1628 nul-

84 1671 134 1734 los
158 1686 307 1734 auctores
327 1667 526 1756 producant,
541 1669 592 1733 vel
606 1666 649 1730 ad
664 1667 855 1754 scriptorem
873 1667 1014 1754 aliquem
1037 1692 1096 1732 nos
1114 1671 1157 1732 ita

85 1774 272 1855 remittant,
290 1792 328 1837 ut
344 1772 522 1861 quaerendo
543 1773 727 1860 defatigati,
755 1772 886 1838 tandem
907 1774 968 1837 illis
986 1773 1082 1838 fidem
1099 1776 1157 1840 ha·

84 1881 164 1944 here
188 1881 360 1960 malimus,
391 1901 489 1966 quam
514 1878 664 1942 inutilem
695 1901 828 1966 operam
860 1880 1035 1944 insumere.
1067 1880 1157 1968 Saepe

84 1987 182 2049 etiam
201 1987 302 2050 citant
319 2001 488 2062 auctores,
511 1984 600 2073 apud
624 2007 707 2071 quos
731 1984 802 2064 illa,
825 1985 866 2048 de
889 1986 1010 2072 quibus
1033 2003 1156 2075 agunt,
1197 2069 1200 2076 ⁴

84 2089 206 2155 debere
221 2107 346 2155 exstare
364 2089 521 2169 credunt,
539 2091 615 2153 licet
630 2111 715 2176 saepe
733 2090 784 2152 vel
801 2090 883 2154 nihil
900 2090 945 2154 ibi
962 2093 1157 2178 reperiatur,

84 2197 136 2260 vel
150 2181 251 2286 longe
266 2197 369 2260 aliter.
587 2178 589 2190 ¹

127 2393 316 2475 NELEUS,
337 2396 556 2482 Hippocoontis
571 2393 671 2474 lilius,
687 2393 798 2481 Pylius
817 2393 968 2484 Hygino,
987 2394 1051 2459 tab.
1070 2419 1108 2458 ιο
1125 2415 1156 2461 et

89 2503 148 2581 14,
172 2499 231 2586 qui
254 2501 342 2564 solus
369 2523 444 2564 eum
470 2501 504 2565 in
524 2503 788 2591 Argonautarum
808 2524 943 2565 censum
969 2502 1088 2584 refert,
1115 2494 1156 2568 ab'

84 2606 153 2668 aliis
171 2606 316 2694 Neptuni
330 2624 363 2670 et
378 2609 481 2692 Tyrus
501 2606 585 2670 filins
603 2608 739 2688 dicitnr3
762 2606 837 2671 vide
860 2607 968 2671 Schol.
986 2608 1079 2671 Pind.
1103 2610 1154 2675 Ol.

84 2712 148 2791 IX,
168 2711 230 2791 433
246 2712 355 2775 Schol.
370 2713 556 2799 Apollonii,
575 2716 608 2793 l,
633 2713 711 2792 156;
732 2713 839 2777 Schol.
858 2713 1011 2795 Homeri,
1038 2713 1154 2802 Odyss.

85 2818 148 2897 XI,
168 2816 250 2897 3803
272 2816 462 2905 Apollodor.
480 2818 513 2880 in
529 2819 676 2904 catalogo
692 2819 973 2905 Argonautarum,
993 2836 1025 2881 et
1041 2820 1154 2885 Liban.
1258 2848 1261 2852 ·

84 2924 231 3011 Diegem.
245 2922 307 3003 383
324 2922 381 2986 sed
400 2922 441 2987 de
459 2923 550 2987 Nelei
568 2940 664 3011 gente
677 2946 754 2985 mox
772 2924 806 2986 in
819 2924 950 2987 Nestore
967 2938 999 2986 et
1013 2924 1155 3013 Pericly-

83 3052 191 3108 mene,
216 3028 307 3092 Nelei
325 3028 416 3109 filiis,
443 3028 608 3117 agendum
630 3028 700 3091 erit.
724 3029 853 3107 Ejectus
870 3030 923 3093 hic
940 3046 1007 3095 erat
1024 3054 1041 3093 a
1060 3032 1156 3098 fratre
1248 3052 1249 3057 ’

83 3134 170 3197 Pelia
185 3156 226 3197 ex
239 3134 420 3216 Thessalia,
433 3151 467 3198 et
482 3134 515 3196 in
533 3134 796 3221 Peloponnesum
815 3134 926 3198 abiens
945 3136 1062 3223 Pylum
1076 3161 1155 3201 oon·

83 3241 227 3322 diderat,
249 3242 361 3329 ibique
377 3264 479 3331 regno
496 3239 705 3319 confirmato,
725 3257 758 3303 et
775 3240 873 3303 ducta
891 3242 1062 3324 Chloride,
1077 3248 1157 3309 Am·
1233 3232 1240 3249 .

82 3346 214 3434 phionis
227 3362 260 3411 et
269 3346 391 3411 Niobes
403 3345 761 3433 filia,Perielymenum,
772 3346 909 3409 Nestora
922 3364 954 3410 et
963 3349 1153 3413 Chromium

82 3453 259 3516 sustulerat
271 3451 411 3541 (Hygin.
426 3452 490 3516 fab.
511 3452 586 3539 10);
599 3474 742 3539 quorum
757 3449 823 3515 duo
842 3454 1037 3539 Argonautis
1054 3478 1087 3519 se
1104 3481 1154 3521 as·

82 3558 307 3621 sociaverunt:
324 3551 427 3645 ¹quare
442 3558 496 3621 rix
512 3558 685 3621 verisimile
701 3556 805 3621 videri
821 3572 945 3644 potest,
967 3558 1059 3623 illum
1079 3585 1153 3625 cum

81 3663 156 3727 filiis
175 3686 211 3727 se
226 3663 366 3727 voluisse
381 3663 520 3729 adscribi
538 3664 571 3728 in
590 3664 676 3727 hanc
695 3661 859 3742 militiam,
883 3686 987 3749 quum
1004 3662 1062 3727 diu
1080 3684 1154 3731 ante

82 3769 145 3841 hoc
171 3786 302 3856 tempus
325 3792 364 3833 ex
382 3769 546 3833 Thessalia
571 3770 770 3857 migraverit,
795 3785 827 3832 et
847 3768 956 3831 senior
976 3770 1042 3849 jam
1060 3789 1152 3839 esset.

81 3875 179 3955 Pero,
199 3875 269 3953 ejus
285 3874 366 3955 filia,
386 3892 489 3939 mater
502 3875 566 3939 fuit
576 3874 654 3938 Arei
666 3878 880 3965 Argonautae,
897 3874 955 3939 uhi
970 3874 1053 3941 vide.
1155 3888 1158 3895 “

82 4040 222 4113 spicilegio
235 4040 441 4112 antiquitatum,
454 4041 547 4094 Colon.
563 4039 714 4093 Brandenb.
732 4046 813 4109 1692,
837 4061 863 4112 p.
881 4044 913 4092 26
928 4060 982 4113 seq.
997 4041 1024 4093 in
1039 4040 1154 4095 medium

82 4129 202 4200 protulit.
222 4128 311 4182 Hane.
