2859 4975
223 365 288 452 37⁴
608 367 908 432 carnuocos

223 510 299 551 eum
314 489 499 569 Pausanias.
519 490 683 552 Mecisteus
701 511 779 552 vero
797 490 923 554 occisus
939 514 957 554 a
974 491 1161 578 Menalippo
1175 489 1293 556 dicitur

223 595 388 658 Pausaniae
408 594 461 657 lib.
480 597 544 675 IX,
563 594 613 658 18.
634 596 704 684 Ego
723 618 801 659 vero
817 613 900 683 puto
918 594 1157 683 Apollodorum
1173 597 1208 659 in
1230 596 1294 659 hoc

222 700 293 762 viro
313 722 433 779 errare,
451 717 508 765 aut
524 700 616 764 illum
640 702 829 790 Catalogum
854 703 970 765 malam
994 725 1129 765 manum
1150 724 1293 790 passum.

223 806 366 894 Unicum
390 805 595 886 addendum,
622 807 711 870 hunc
734 808 912 894 Euryalum
935 808 1069 898 intelligi
1095 808 1127 870 iu
1152 808 1295 872 obscuro

223 910 325 975 Ibidis
355 911 519 984 Ovidianae
549 913 640 992 loco,
667 935 749 976 vers.
771 913 852 1000 287,
879 912 1053 978 credidisse
1082 913 1295 993 Palmerium,

222 1019 361 1080 Exercit.
380 1017 420 1080 ad
441 1019 555 1105 Script.
580 1019 726 1099 Graecos,
749 1041 821 1108 pag.
841 1019 924 1106 373,
951 1019 992 1082 de
1015 1044 1083 1106 quo
1105 1019 1178 1086 vide
1201 1036 1294 1082 notas

223 1123 262 1186 ad
280 1124 372 1186 illum
390 1124 509 1186 locum.
529 1123 691 1209 Euryalus
712 1125 797 1187 iuter
817 1147 935 1211 procos
954 1124 1179 1213 Hippodamiae
1198 1125 1296 1187 etiam

224 1229 365 1293 refertur
383 1254 399 1291 a
417 1230 524 1294 Schol.
542 1229 636 1293 Pind.
654 1230 783 1317 Olymp.
802 1232 837 1310 Ι,
864 1232 941 1312 126,
959 1248 993 1294 et
1009 1231 1145 1294 Pausau.
1162 1231 1220 1294 lib.
1231 1231 1295 1311 VI,

227 1357 284 1415 21,
302 1335 358 1398 sed
375 1336 432 1422 qui
451 1335 519 1413 ejus
537 1336 673 1422 patriam
690 1352 723 1398 et
743 1352 891 1422 parentes
909 1358 943 1398 se
959 1336 1108 1424 ignorare
1123 1335 1224 1399 addit.
1246 1338 1294 1398 An

225 1442 278 1503 ille
300 1441 395 1504 lateat
412 1440 499 1528 apud
518 1441 657 1527 Etymol.
679 1441 787 1530 magni
811 1442 1001 1528 scriptorem
1020 1443 1054 1504 in
1073 1447 1214 1524 Εὑρυάδες,
1241 1441 1296 1528 qui

228 1545 348 1610 dicitur
368 1549 401 1615 εἷς
416 1563 463 1608 τῶν
483 1556 644 1626 μνηστήρων,
671 1570 711 1609 an
738 1545 913 1634 legendum
936 1557 1077 1627 Εὐρύαλος,
1101 1569 1168 1609 non
1193 1545 1297 1610 audeo

228 1650 456 1734 definire,.nec
474 1653 571 1716 etiam
591 1676 632 1714 an
657 1675 695 1716 ex
716 1675 756 1714 eo
775 1652 950 1716 Pausanias
969 1667 1002 1715 et
1022 1653 1214 1733 scholiastes
1236 1653 1301 1715 sint

230 1759 434 1847 corrigendi:
449 1751 580 1846 yideant
597 1758 727 1822 eruditi.
835 1832 838 1836 A

186 2088 189 2094 s
274 2006 539 2070 EURYDAMAS
565 2005 696 2093 Hygino
722 2005 806 2068 lilius
834 2007 879 2068 Ira¹
903 2023 936 2069 et
961 2008 1161 2083 Demonassae
1177 2028 1189 2066 :
1205 2005 1303 2067 frater

232 2137 308 2202 ergo
331 2112 392 2174 fuit
410 2112 615 2198 Eurytionis,
642 2110 766 2198 dequo
785 2135 861 2174 mox
877 2134 1020 2200 agemus.
1037 2110 1137 2174 Addit
1154 2112 1303 2200 Hyginus

232 2219 327 2298 alios,
346 2217 448 2280 filium
464 2217 598 2280 Ctimeni
608 2218 730 2296 facere,
743 2217 805 2303 qui'
815 2217 906 2296 juxta
920 2218 1029 2280 locum
1043 2217 1188 2304 Xynium
1202 2217 1305 2280 Dolo·

232 2323 360 2412 peidem
377 2323 492 2385 urbem
503 2321 722 2402 inhabitabat,
742 2345 814 2409 quae
831 2346 871 2385 ex
888 2323 1052 2409 Apollonii
1068 2322 1125 2386 lib.
1142 2324 1172 2402 I,
1189 2323 1248 2402 68,
1263 2319 1305 2383 ad

231 2430 369 2495 verbum
394 2430 461 2491 lere
476 2450 567 2492 versa
583 2444 675 2509 suut,
690 2428 749 2490 ubi
766 2444 798 2491 et
816 2428 1010 2492 Scholiastes
1030 2445 1123 2492 irotat
1144 2428 1306 2493 Ctimeueu

233 2538 348 2600 urbem
360 2536 549 2615 Thessaliae,
567 2550 598 2599 ct
615 2533 788 2625 Dolopeeiia
809 2534 915 2597 vocari
924 2535 1134 2598 Thessaliam.
1153 2536 1306 2623 Orpheus

234 2642 313 2704 dicit
326 2664 372 2705 vs.
394 2642 455 2717 164
471 2642 596 2704 venisse
611 2664 630 2702 a
652 2641 724 2702 lacu
741 2638 908 2714 Boebeide,
920 2640 1012 2718 juxta
1028 2641 1174 2706 Peneum
1191 2656 1224 2702 et
1239 2640 1308 2702 Me-

235 2749 378 2826 libaeam3
399 2745 486 2809 unde
511 2744 663 2809 eumdem
684 2746 794 2807 locum
817 2743 939 2831 duplici
957 2746 1093 2808 nomine
1110 2746 1306 2833 appellatum

235 2854 335 2917 fuisse
349 2852 522 2915 docuimus
537 2851 577 2915 ad
591 2852 660 2913 Val.
675 2850 781 2912 Flacc.
795 2850 821 2929 Ι,
834 2852 911 2935 449.
925 2850 1018 2914 Nihil
1029 2850 1234 2938 praetereadc
1244 2851 1308 2913 hoc

237 2960 483 3044 Eurydamoute
499 2958 620 3044 reperi,
645 2979 745 3043 quem
766 2955 913 3019 Valerius
942 2971 1055 3020 noster
1075 2957 1204 3040 omisit,
1220 2973 1270 3019 ut*
1278 2970 1309 3018 et

237 3064 474 3151 Apollodorus,
491 3062 548 3148 qui
564 3061 620 3125 lib.
638 3062 688 3137 ΙΙ,
707 3084 735 3124 c.
755 3085 783 3141 1,
799 3065 817 3141 §
833 3058 863 3140 5,
882 3077 1043 3124 memorat
1059 3060 1311 3146 Eurydanmuta

239 3168 431 3257 quemdam,
451 3166 502 3229 cui
528 3166 665 3253 contigit
678 3165 816 3246 Pharte,
840 3164 905 3227 filia
920 3165 1034 3229 Danai.
1054 3166 1143 3229 Alius
1156 3167 1310 3251 Euryda-

218 3264 307 3339 'mes
327 3276 411 3337 inter
434 3291 550 3361 procos
576 3272 748 3359 Penelopa
767 3271 864 3335 Hom.
886 3270 1002 3359 Odyss.
1024 3273 1156 3352 XVIII,
1179 3274 1263 3358 296,
1280 3288 1313 3333 et

239 3382 311 3445 alibi
337 3394 552 3461 memoratur,
576 3377 650 3442 vide
670 3378 709 3441 cl.
737 3361 898 3441 Drakenh.
916 3376 957 3440 ad
973 3377 1028 3441 Sil.
1051 3378 1101 3459 ΙΙ,
1127 3377 1198 3465 178.
1220 3378 1312 3443 Alius

241 3487 444 3549 somniorum
473 3485 650 3571 interpres,
673 3484 767 3563 cujus
790 3481 874 3545 filios
899 3482 1058 3546 Abantem
1085 3500 1118 3547 et
1141 3483 1311 3571 Polyidem

241 3591 402 3655 interfecit
420 3588 606 3671 Diomedes,
627 3590 663 3653 Il.
679 3590 720 3667 V,
739 3586 810 3665 148.
821 3587 1071 3675 Tryphiodorus
1083 3590 1169 3653 iuter
1180 3589 1312 3671 heroas,

243 3698 299 3784 qui
325 3697 357 3757 in
386 3718 472 3781 equo
496 3696 637 3775 Trojano
659 3694 783 3759 conditi
805 3693 958 3774 fuerunt,
983 3694 1142 3758 memorat
1161 3697 1313 3781 Euryda-

245 3814 373 3880 menos,
399 3802 491 3865 Pcliae
515 3802 636 3882 filium,
654 3823 700 3865 vs.
720 3824 800 3888 ¹773
828 3822 926 3888 quem
948 3802 1033 3864 inter
1053 3818 1200 3890 posteros
1220 3804 1313 3868 Peliae

245 3932 312 3973 non
331 3909 476 3999 reperio,
497 3910 556 3971 nisi
575 3909 656 3971 alius
668 3908 802 3987 Pelias,
821 3930 923 3993 quam
944 3908 1076 3970 Crethei
1098 3907 1183 3972 filius
1204 3909 1312 3973 l‘uerit.

244 4016 403 4100 Eurymus
422 4016 553 4102 quidam
577 4038 595 4076 a
618 4014 750 4079 Polluce
771 4014 982 4093 interfectus,
1005 4014 1080 4100 quia
1103 4030 1171 4077 erat
1191 4016 1313 4077 calum-

248 4120 364 4201 niator,
375 4108 506 4201 silesiae,
525 4121 664 4183 refertur
675 4120 715 4183 ab
730 4118 909 4207 Hesychi05
927 4119 983 4181 ubi
1005 4120 1088 4182 forte
1114 4121 1315 4204 Eurydamas
