2859 4975
264 419 644 487 -ARGONAUTCON
675 423 761 488 LIB.
785 422 869 485 VII.

1048 443 1108 505 107

94 549 178 612 Illum
194 549 290 612 etiam
309 552 384 614 totis
402 550 584 617 adstantem
603 553 754 618 noctibus
771 574 932 641 anguem,

92 663 151 745 Qui
169 685 284 726 nemus
300 685 397 728 omne
415 687 529 744 suum,
548 668 671 756 quique
687 689 785 730 aurea
801 667 938 755 (respice
951 664 1065 755 porrol

92 777 208 840 Vellera
226 793 277 842 tot
294 779 387 866 spiris
403 779 545 859 circum,
563 796 613 845 tot
630 781 784 846 ductibus
801 782 930 870 implet,

91 892 204 972 Solvet,
229 892 309 954 etin
326 913 458 957 somnos
476 894 601 984 ingenti
618 896 721 960 solvat
738 896 779 959 ab
799 918 892 960 orno·

90 1008 158 1072 Haec
174 1005 233 1070 tibi
254 1027 363 1071 nunc:
378 1008 502 1091 Furiis,
518 1025 621 1097 atque·
633 1011 693 1098 ipsi
711 1026 825 1074 caetera
842 1009 964 1074 mando
974 1041 996 1074 u.
1018 1053 1022 1060 -
1058 1031 1109 1078 *¹⁷⁰

88 1121 164 1183 Tum
182 1121 295 1184 Venus
311 1119 466 1210 aligerum
484 1140 586 1188 mater
599 1125 645 1189 sic
660 1127 746 1189 fatur
760 1127 941 1189 Amorum:

87 1235 174 1300 «Nec
190 1235 269 1317 tibi,
286 1259 390 1324 quum
407 1236 530 1324 primos
545 1261 695 1330 aggressa
707 1261 741 1303 es
757 1237 885 1303 flectere
898 1258 1012 1304 sensus

88 1350 241 1438 Virginis,
258 1350 435 1438 ignotaque
454 1351 598 1414 animum
615 1353 804 1440 contingere
821 1375 916 1433 cura,

86 1455 275 1528 Defuimus:
294 1464 366 1528 data
382 1465 540 1529 continuo
554 1465 611 1531 sed
624 1467 754 1556 cingula
772 1468 831 1531 soli

86 1581 200 1646 Nostra
224 1581 305 1662 tibi,
322 1582 395 1668 quis
412 1599 500 1646 mota
518 1580 591 1644 loco
607 1581 828 1671 labefactaque
843 1583 948 1648 cessit.
1071 1579 1108 1631 ¹⁷⁵

86 1695 177 1760 Haud
196 1695 272 1759 satis
290 1712 352 1777 est,
368 1695 494 1759 sedme
512 1695 580 1784 ipsa
598 1719 701 1784 opus:
720 1714 754 1761 et
769 1698 954 1761 cunctantia
968 1713 1109 1784 poscunt

87 1812 218 1876 Pectora
230 1793 304 1899 me,
321 1810 507 1900 dubiusque
524 1810 632 1900 pudor
644 1836 651 1876 :
662 1812 729 1892 jam
746 1812 865 1878 foedera
880 1814 954 1877 faxo

85 1925 208 1990 AEsonii
227 1942 315 2014 petat
328 1928 396 2015 ipsa
413 1926 487 2008 viri,
506 1942 694 2014 metuatque
709 1928 838 1991 moran'.

77 2105 123 2165 169.
141 2108 215 2166 Cogat
227 2105 257 2149 ab
268 2121 340 2158 omo,
357 2120 402 2168 pro
417 2104 480 2151 varia
498 2105 551 2152 lect.
567 2107 658 2152 Bonan.
674 2105 728 2152 cod.
747 2109 840 2151 Sternat
854 2118 884 2152 et.
900 2107 991 2152 Harles.
1008 2133 1039 2142 -
1053 2121 1109 2166 ¹70·

48 2185 94 2229 Non
107 2185 188 2229 Furiis.
198 2183 276 2230 Vatic.
287 2183 340 2229 cod.
359 2185 424 2230 Junt.
446 2183 500 2229 Ald.
517 2185 603 2230 Mascr.
617 2185 682 2230 Carr.
702 2186 723 2230 1.
742 2187 801 2231 Nam
818 2188 871 2232 mr.
883 2185 984 2246 lingent.
1001 2186 1060 2230 Bon.
1077 2185 1109 2230 tt.

48 2288 74 2296 -
91 2270 140 2323 174.
155 2263 203 2309 Sed
221 2264 288 2318 abest
305 2263 331 2308 in
345 2263 420 2309 Vatia.
431 2263 778 2325 cod.,Quodcingala.Bonon.
788 2264 842 2310 cod.
859 2273 884 2311 et
900 2264 957 2311 edd.
973 2273 1026 2311 ante
1042 2265 1108 2311 cm.

48 2343 179 2402 -17s1te
193 2343 333 2389 cunctantia.
347 2343 423 2389 Vatia.
442 2352 466 2389 et
483 2345 572 2390 Bonon.
593 2344 663 2390 codd.
676 2347 768 2390 Bonan.
785 2345 797 2389 1
815 2353 838 2390 et
858 2345 888 2390 ll.
908 2347 987 2406 ipsunt
1008 2361 1065 2407 opes
1079 2354 1108 2390 et.

48 2421 102 2468 lunt.
121 2423 209 2468 Mater.
228 2421 282 2468 ald.
300 2423 399 2484 lingent.
423 2449 453 2457 —
475 2438 525 2482 177.
542 2426 636 2470 Pectora
656 2441 697 2470 nec
720 2424 853 2487 dubiasque.
873 2426 965 2470 Boron
985 2434 1010 2470 et
1027 2427 1110 2471 Bam.

48 2502 108 2547 codd.
126 2504 170 2548 En.

49 2647 175 2701 volumina
188 2658 331 2717 torquens,
345 2650 435 2699 circum
449 2651 548 2716 implet,

49 2727 120 2797 cingit
134 2724 270 2796 undique,
280 2730 366 2777 solvat.
444 2752 446 2757 v
517 2746 519 2751 ’

80 2811 135 2875 167.
147 2808 247 2872 Respice
252 2826 344 2872 porro,
353 2807 463 2877 procul,
473 2826 488 2859 e
497 2806 551 2861 lon.

48 2887 140 2957 ginquo
154 2882 304 2949 (δεικτικῶς
314 2876 335 2957 ),
345 2884 405 2937 vide
417 2904 504 2957 quaeso
520 2886 549 2937 il-

48 2965 83 3017 lic.
94 2973 172 3016 Porro
182 2964 235 3017 hoc
245 2984 323 3017 sensu
331 2966 430 3032 rarius,
442 2979 468 3018 et
479 2966 551 3017 Grae·

48 3063 75 3096 co
96 3062 169 3095 more
181 3038 192 3114 (
204 3048 284 3119 πόῤῥω
295 3042 305 3110 )
318 3058 491 3117 usurpatum
513 3056 552 3097 est

49 3134 130 3175 tamen
145 3122 224 3175 etiam
241 3122 310 3194 apud
322 3124 416 3195 Virgil.
429 3128 489 3177 AEn.
499 3125 549 3189 VI,

49 3220 103 3271 711.
113 3234 148 3242 -
156 3202 227 3255 Vide
240 3202 274 3255 ad
289 3203 388 3257 calcem
399 3204 479 3276 hujus
491 3202 552 3256 libri

48 3294 100 3335 not.
116 3282 173 3351 167.
186 3282 238 3335 En.

83 3364 138 3428 169.
156 3364 252 3421 Salvae,
268 3376 293 3411 et
305 3366 330 3413 ὺι
346 3382 442 3413 somnos
462 3364 555 3429 ingenti

49 3444 122 3491 solvat
134 3446 167 3492 ab
180 3462 249 3492 orno.
264 3442 307 3493 Bis
324 3444 462 3513 repetitum
474 3446 554 3493 solvat

49 3518 72 3569 h.
85 3518 103 3571 l.
115 3539 170 3571 non
184 3520 285 3591 placet,
300 3534 325 3573 et
338 3523 420 3593 priori
433 3524 493 3574 loco
506 3540 552 3593 po

48 3598 159 3651 nendum
178 3603 288 3661 molliat,
303 3600 344 3653 vel
358 3608 476 3662 mulceat,
495 3620 553 3651 sua-

49 3678 123 3731 dente
131 3679 299 3742 Burmanno,
309 3680 350 3732 vel
360 3696 467 3741 sternat,
479 3678 553 3751 quod

49 3757 137 3809 maluit
145 3756 282 3825 Herelius,
293 3758 342 3831 Ep.
354 3760 411 3812 crit.
421 3780 447 3831 p.
459 3778 503 3829 71.
518 3791 553 3798 —

49 3835 128 3887 Possit
140 3854 247 3907 quoque
258 3837 308 3908 legi
322 3842 401 3889 tollat.
410 3839 462 3891 En.

85 3933 140 3983 ¹70·
156 3920 229 3977 Haea,
244 3928 274 3967 ut
285 3936 401 3969 amorem
412 3915 501 3969 denuo
512 3917 551 3968 in·

48 3994 212 4057 lundas,t1'bi
228 4015 312 4045 arana:
327 4000 405 4049 Furiis
421 4012 496 4065 atque
509 3999 555 4064 ipsi

49 4073 142 4127 Medeae
154 4089 244 4125 caetera
260 4079 363 4135 mando,
375 4094 432 4147 qua·
443 4076 465 4128 si
473 4076 555 4128 semel

50 4152 143 4224 impetu
157 4153 254 4205 amoris
269 4172 324 4206 sese
337 4168 485 4226 correptam
498 4174 554 4207 sen·

595 2650 670 2713 serit,
685 2650 741 2720 ipsa
757 2662 851 2721 sponte
865 2668 908 2701 res
922 2660 982 2719 aget
995 2666 1065 2701 suas.
1075 2674 1109 2685 -η

596 2729 673 2781 cons.
686 2728 766 2781 Ovid.
780 2728 844 2781 Met.
856 2729 903 2791 Π,
918 2735 985 2792 140:
993 2731 1106 2795 somnae

594 2822 684 2859 caetera
695 2812 796 2860 mando.
807 2809 859 2860 En.

633 2905 758 2957 171-192.
775 2887 868 2939 Venus
883 2888 977 2938 annuit
995 2888 1109 2939 lunonis

594 2966 734 3037 precibus,
749 2966 870 3038 nihilque
884 2966 956 3018 aliud
972 2965 1109 3037 postulat,

595 3063 675 3116 quam
691 3057 721 3096 ut
738 3046 861 3097 iasonem
880 3045 909 3097 in
931 3046 993 3097 luco
1018 3044 1109 3098 Diana

597 3122 687 3175 adesse
702 3124 802 3194 jubeat.
818 3130 878 3174 Tam
889 3131 969 3176 Venas
990 3128 1109 3193 aligeram

597 3208 718 3255 Amorum
738 3208 817 3253 mater
837 3204 927 3267 (conf.
943 3204 997 3269 VI,
1017 3201 1068 3273 457
1079 3206 1108 3271 ):

597 3294 672 3334 antea
686 3301 741 3333 non
759 3280 808 3333 tihi
823 3280 909 3343 defui,
923 3300 1005 3351 quum
1023 3284 1109 3349 ignota

597 3380 657 3411 cura
665 3365 773 3411 animam
780 3358 1111 3431 Medeaecontingere‚pttc·

597 3440 741 3511 stringere,
753 3458 868 3508 aggressa
882 3458 915 3490 es.
1065 3454 1067 3457 ’

635 3528 692 3589 174.
704 3526 772 3571 Data
782 3522 881 3587 cingula
891 3520 939 3569 soli
950 3532 1035 3568 nostra
1049 3522 1105 3579 tibi,

596 3599 661 3650 nulli
671 3599 714 3651 alii
727 3616 855 3669 umquam
870 3615 1008 3663 concessa,
1022 3602 1109 3665 quibus

597 3693 663 3729 mota
678 3683 731 3728 loco
752 3680 923 3745 labefactaque
936 3678 971 3743 (a
983 3676 1110 3749 gladiato·

596 3758 668 3810 ribus
679 3768 786 3827 sumpta
791 3755 961 3807 translatione
971 3760 995 3826 ),
1004 3757 1110 3809 turbata

597 3837 699 3903 animo,
712 3839 792 3895 cessit,
806 3835 932 3887 obsistere
945 3854 998 3886 non
1013 3834 1107 3907 potuit.

597 3916 694 3968 —Vid.
705 3915 739 3967 ad
752 3916 817 3969 calc.
829 3915 886 3987 huj'.
895 3915 939 3966 lib.
949 3934 977 3966 n.
990 3913 1048 3985 175.
1059 3915 1108 3967 En.

636 3998 692 4065 176.
714 3998 860 4047 Constantia
880 4009 987 4062 poscant
1004 4010 1110 4060 pectora

598 4094 635 4125 me
646 4078 781 4142 dubiusque
787 4078 880 4142 pudor,
896 4073 1029 4125 fluctuans
1042 4072 1111 4125 inter

598 4172 713 4206 amorem
725 4166 750 4205 et
759 4152 889 4225 pudorem
900 4151 1011 4205 animus.
