2859 4975
374 353 842 472 incontumaces
998 491 1001 497 ι
1063 406 1127 492 ³49

76 542 187 610 namet,
199 525 257 590 uhi
271 525 381 590 multis
395 525 623 615 cognationem
637 540 669 588 et
685 523 804 588 similes
816 542 923 586 mores
936 523 1022 586 inter
1032 523 1130 589 Thes·

76 636 146 698 salos
171 649 203 697 et
220 632 390 696 Armenios
415 631 541 722 probat.
557 631 743 694 Armenium
766 644 874 692 tamen
897 644 991 693 vocat
1012 630 1129 694 eodem

74 741 163 814 libro,
192 761 265 827 pag.
298 735 380 819 503,
408 736 466 801 ubi
493 735 703 800 Casaubonus
736 734 926 798 Armenium
958 733 1130 799 Thessaliae

75 847 194 926 urbem,
211 843 393 908 Ormaniam
407 842 532 924 vocari,
544 841 602 907 lib.
614 842 679 920 tx,
691 864 724 929 p.
738 839 819 921 438,
834 855 942 923 notat,
958 839 1045 905 idem
1062 841 1131 906 fere
1151 903 1157 913 ,

73 950 159 1014 tradit
178 948 366 1014 Eustathius
384 946 425 1011 ad
444 947 580 1036 Dionys.
602 947 726 1035 Pericg.
742 967 825 1010 vers.
849 945 934 1031 694,
954 946 1018 1009 nisi
1040 946 1131 1034 quod
1196 929 1200 937 .

73 1055 173 1137 addat,
194 1054 273 1120 alios
300 1054 391 1118 hunc
404 1055 589 1118 Armenium
607 1051 775 1116 Rhodium
797 1051 920 1116 fecisse.
941 1051 1030 1116 Nihil
1048 1075 1130 1142 prte-

73 1179 149 1227 terea
166 1161 206 1226 de
222 1160 288 1226 hoc
303 1157 444 1224 obscuro
460 1159 561 1224 heroe
579 1157 661 1222 mihi
680 1171 818 1222 constat.

106 1389 383 1458 ASCALAPHUS.
405 1391 504 1454 Hunc
527 1388 746 1478 Apollodorus
775 1388 809 1452 in
833 1389 1014 1478 catalogum
1032 1412 1131 1454 suum

73 1499 186 1581 retulit,
200 1519 277 1562 cum
291 1496 389 1561 fratre
407 1494 566 1574 ladmen),
582 1493 656 1560 vide
676 1517 775 1582 supra
791 1494 825 1557 in
837 1493 989 1571 Αἰιηείος
1005 1495 1063 1558 ubi
1074 1517 1132 1559 er·

73 1625 168 1668 rorem
177 1625 254 1668 *esse
267 1600 488 1682 ostendimus,
500 1616 533 1664 et
547 1597 619 1664 illos
632 1599 775 1678 Trojano
792 1599 879 1663 bello
891 1600 1076 1664 interlitisse
1085 1623 1131 1664 ex

73 1709 194 1772 Homeri
209 1707 301 1789 llll,
322 1704 397 1788 516,
409 1703 592 1769 docuimus.
602 1705 756 1770 Diversus
769 1727 847 1769 vero
862 1703 918 1767 hic
929 1705 1133 1792 Ascalapho
1173 1779 1176 1787 ¹

73 1813 173 1880 Martis
191 1813 295 1894 lilius,
313 1813 355 1876 ab
366 1810 560 1900 Ascalapho,
577 1810 768 1876 Acherontis
789 1826 823 1874 et
842 1810 970 1898 Orphea
990 1809 1073 1893 lilio,
1091 1809 1133 1876 de

73 1942 129 2006 quo
145 1919 285 2012 vidimus
305 1916 347 1982 ad
363 1915 457 1982 Ovid.
479 1918 559 1982 Met.
578 1918 619 1994 V,
643 1915 718 2002 539.

109 2137 353 2220 ASCLEPIUS,
377 2133 535 2225 Apollinis
558 2150 590 2199 et
606 2134 779 2200 Coronidis
800 2132 905 2217 lilius,
930 2137 987 2222 qui
1010 2135 1132 2202 Latinis

73 2243 261 2333 AEsculapius
276 2241 406 2324 dicitur,
427 2241 488 2306 soli
500 2241 633 2330 Hygino
648 2241 736 2305 inter
750 2241 952 2331 Argonautas
970 2265 1130 2329 memora·

73 2363 126 2412 tus.
150 2350 300 2415 Clemens
324 2363 433 2411 tamen
451 2345 625 2410 Alexandr.
647 2346 800 2411 Stromat.
821 2346 877 2411 lib.
890 2349 923 2429 I,
946 2369 1024 2437 pag·
1046 2347 1131 2431 325,

73 2453 244 2543 Asclepium
272 2469 305 2518 et
326 2452 503 2517 Dioscuros
527 2451 624 2517 etiam
643 2473 720 2517 cum
744 2451 861 2516 Iasone
885 2453 1067 2542 navigasse,
1093 2478 1133 2520 ex
1260 2490 1263 2495 ·

72 2560 232 2646 Apollonio
250 2558 382 2623 Rhodio
396 2574 523 2639 narrat,
539 2580 683 2648 nupems
696 2580 775 2623 vero
788 2558 823 2621 in
834 2560 947 2648 Anglia
958 2562 1133 2627 Clementis

72 2664 167 2730 editor
183 2689 246 2731 nos
261 2664 397 2729 remittit
415 2663 457 2728 ad
468 2664 525 2729 lib.
539 2666 571 2745 Ι,
584 2687 667 2729 vers.
687 2664 761 2745 146,
772 2664 831 2728 uhi
847 2665 980 2753 quidem
994 2668 1134 2733 Dioscu-
1200 2744 1206 2761 ,

72 2792 173 2836 rorum
185 2772 222 2836 fit
235 2771 378 2853 mentio,
391 2769 448 2834 sed
464 2769 570 2853 nulle,
583 2769 674 2857 quod
687 2769 802 2852 sciam,
818 2770 853 2834 in
865 2787 937 2835 toto
947 2773 1133 2860 Apollonio,

72 2876 197 2966 Asclepii
222 2879 438 2966 Argonautae3
460 2875 535 2939 ideo
561 2876 677 2939 vellem
700 2875 928 2941 locumnobis
952 2879 1132 2945 accuratius
1172 2938 1181 2947 ,

71 2980 287 3049 demonstrari.
301 2985 351 3049 De
365 2981 511 3069 Asclapio
523 3003 602 3044 vero
616 2981 667 3045 vel
683 2980 869 3069 AEsculapm
876 3023 893 3062 ,·
905 3006 1009 3071 quum
1023 2988 1134 3050 omnia

72 3087 129 3151 sint
144 3090 257 3170 obvia,
274 3102 311 3153 et'
323 3111 399 3153 eum
423 3108 520 3151 nemo
544 3102 660 3174 praeter
676 3086 845 3176 Hyginum
859 3088 1054 3155 adnumeret
1071 3094 1133 3156 Ar·

72 3195 230 3278 gonautis,
247 3194 302 3257 hic
315 3192 465 3281 pluribus
485 3214 554 3257 non
572 3212 715 3280 agemus.
733 3192 847 3255 Obiter
859 3209 986 3258 tantiam
1004 3196 1133 3260 notabi-

73 3317 151 3380 mus,
163 3299 271 3387 ipsum
281 3297 448 3387 Hyginum
457 3343 467 3377 ,
475 3296 531 3361 hic
544 3293 646 3359 filium
659 3294 832 3359 Coronidis
845 3296 962 3378 facere,
970 3315 1002 3362 et
1013 3315 1133 3383 tamen,

73 3399 128 3466 fab.
150 3426 209 3492 97,
240 3402 425 3467 Machaona
455 3398 558 3464 lilium
580 3398 757 3487 AEsculapii
784 3422 824 3463 ex
849 3402 1013 3466 Coronide
1038 3405 1135 3469 etiam
1221 3408 1224 3413 '
1291 3447 1295 3462 ,

73 3525 176 3573 natum
195 3508 375 3592 affirmare3
396 3506 455 3571 ubi
467 3506 541 3571 vide
554 3504 708 3571 Munlreri
727 3521 841 3588 notas,
861 3523 895 3571 et
915 3508 957 3573 ad
977 3509 1135 3596 fab.161,

73 3629 102 3676 et
117 3638 186 3701 quae
202 3638 263 3679 nos
280 3614 321 3678 ad
336 3612 446 3677 Ovidii
461 3614 542 3677 Met·
551 3613 600 3692 11,
619 3611 701 3699 569,
712 3611 754 3677 de
770 3629 873 3678 matre
886 3614 1063 3704 AEsculapii
1075 3616 1135 3682 ad·

74 3716 234 3802 duximus,
249 3736 282 3787 et
297 3744 369 3809 quae
385 3720 438 3785 alii
450 3718 492 3783 ad
502 3719 576 3800 XV,
588 3718 664 3797 624.
1100 3761 1103 3767 -
1259 3715 1261 3720 ’

113 3944 343 4025 ASTERION,
359 3945 514 4010 omnibus
529 3959 729 4009 memoratus
740 3944 971 4033 scriptoribns3
983 3950 1134 4037 Orpheo,

75 4067 148 4113 vers.
165 4049 237 4131 131;
249 4049 442 4137 Apollonio,
460 4050 496 4125 1,
509 4046 568 4132 35;
587 4049 693 4113 Valer.
709 4049 841 4132 Flacco,
856 4052 889 4132 Ι,
908 4051 1135 4142 3563Ap0110·

75 4149 165 4235 doro,
179 4156 234 4221 lib.
248 4158 274 4237 l,
285 4177 354 4243 cap.
371 4177 410 4241 9,
421 4154 647 4242 ubi-corrupte
657 4154 775 4235 Ισπῑμος
788 4173 932 4222 vocatur.
942 4159 1041 4225 Filius
1054 4160 1135 4225 diei·
