2859 4975
417 405 861 472 ARGONAUTARUM.
1107 411 1171 488 413

47 613 51 618 ι
102 555 162 618 qua
177 530 248 610 ejus
263 531 447 612 notissima,
459 547 491 594 et
502 529 657 592 omnibus
669 548 806 596 narrata.
822 531 913 594 Uxor
925 530 993 610 ejus
1010 529 1168 610 Periboea,

101 636 265 716 Alcathoi,
278 635 407 724 Pelopis
417 635 491 717 filii,
503 636 568 700 lilia
580 635 702 700 dicitur
709 636 925 724 Apollodoro,-
935 637 990 701 lib.
1001 638 1050 703 III
1059 685 1070 720 ,
1079 661 1105 702 c.
1121 661 1171 719 ru,

100 748 185 823 511,
205 765 280 828 quae
306 741 346 805 ab
378 742 448 805 aliis
476 741 596 805 dicitur
620 741 769 821 Enhoeu;
789 741 830 805 de
854 763 919 830 qua
942 741 1111 809 Munclter.
1131 742 1172 806 ad

101 847 219 935 hygin.
238 846 303 910 fab.
318 868 374 933 97.
391 848 440 910 Ita
467 863 500 911 et
513 862 609 910 vocat
623 868 695 910 eam
717 845 845 909 Pindar.
864 847 982 926 Isthm,
996 847 1051 929 VI,
1065 847 1125 928 65,
1140 864 1173 912 et

101 952 254 1040 Sophocl.
268 953 303 1015 in
317 953 428 1034 Ajace,
444 952 526 1039 570,
540 952 598 1016 uhi
616 951 691 1015 vide
706 952 939 1016 Camerarium.
954 953 1053 1040 Apud
1073 954 1174 1017 Athe-

103 1081 228 1141 naeum,
245 1060 345 1140 XIII,
357 1082 426 1147 cap.
445 1083 480 1141 1,
494 1060 581 1123 inter
597 1059 751 1148 conjuges
764 1059 881 1122 Thesei
898 1077 1088 1124 recensetur
1103 1057 1173 1123 Me·

101 1166 207 1245 liboeo,
221 1165 324 1244 Ajacis
341 1182 453 1247 mater,
466 1156 699 1229 ubiEriboeam
715 1162 891 1252 legendum
908 1185 977 1228 esse
992 1181 1085 1252 puto.

144 1386 423 1469 THERSANON,
442 1387 524 1450 Solis
549 1403 581 1450 et
605 1386 780 1451 Leuconoes
806 1386 909 1467 filius,
933 1387 1092 1471 Andrius,
1114 1392 1176 1456 soli

104 1491 233 1580 Hygino
251 1507 361 1573 notus,
371 1491 411 1556 ad
428 1516 525 1580 quem
544 1492 730 1556 Schellerus
749 1509 859 1574 notat,
875 1515 909 1556 se
926 1491 1072 1575 credere,
1088 1515 1177 1560 emn-

103 1596 176 1660 dem
199 1621 286 1679 esse,
306 1599 363 1686 qui
387 1598 611 1677 Philammon,
641 1613 676 1661 et
700 1599 759 1685 qui
778 1621 847 1687 cap.
870 1597 927 1663 151
948 1598 1068 1663 dicitur
1091 1600 1176 1666 filius

104 1703 261 1790 Apollinis
278 1719 311 1766 et
328 1690 537 1785 Leuconoes3
551 1702 750 1768 Munclserus
766 1726 845 1768 vero
862 1705 1052 1769 Leucothoes
1068 1707 1176 1771 mallet

104 1808 224 1897 legere,
238 1831 300 1897 ego
312 1809 512 1888 Leucothecs;
522 1809 597 1873 vide
609 1832 683 1896 quae
696 1808 788 1890 hanc,
797 1810 832 1872 in
850 1833 919 1874 rem
936 1812 1120 1894 notavimus
1134 1811 1175 1876 ad

106 1912 197 1978 Ovid.
217 1914 298 1978 Met.
318 1914 372 1996 IV,
395 1916 466 2000 196.
490 1915 523 1978 si
539 1937 618 1978 vero
637 1914 810 1978 Leucothoe
827 1913 891 1978 filia
906 1912 1174 1993 Orchami'intel·

105 2018 235 2107 ligatur,
262 2019 319 2107 qui
336 2020 493 2108 septimus
508 2044 526 2083 a
542 2021 636 2095 Belo,
655 2018 854 2102 videndum,
873 2044 914 2084 an
932 2014 1175 2108 tempora'oon-

105 2146 218 2210 gruere
234 2125 377 2212 possiut;
393 2147 589 2212 quamquam
607 2123 641 2186 id
657 2123 691 2186 iu
710 2123 762 2188 his
780 2124 897 2188 fabulis
914 2149 1093 2214 numquam
1114 2151 1174 2191 uos

106 2230 223 2292 morari
239 2229 346 2294 debet.

146 2453 355 2535 THESEUS,
373 2451 594 2517 nobilissimus
612 2449 727 2535 heros,
751 2469 783 2517 et
801 2453 893 2535 cujus
907 2452 987 2516 tanti
1002 2412 1176 2542 operaha-
1314 2447 1319 2457 ’

107 2556 261 2640 bebatur,
271 2576 309 2623 ut
324 2560 409 2623 nihil
421 2562 488 2622 sinc
500 2560 617 2623 Theseo
637 2560 670 2623 in
691 2558 902 2646 proverbium
920 2559 1054 2645 abierit:
1076 2582 1178 2647 quare

108 2686 212 2752 neque
228 2665 321 2727 hunc
338 2680 502 2752 expertem
518 2663 618 2743 hujus
632 2663 751 2726 laboris
768 2686 837 2727 esse
850 2664 1029 2727 voluerunt
1041 2666 1178 2752 Apollo·

108 2768 204 2835 dorus
221 2788 256 2835 et
270 2771 436 2859 Hyginus,
457 2770 604 2857 quamvis
623 2769 719 2833 nobis
741 2792 809 2833 non
827 2770 1001 2834 verisimile
1024 2769 1058 2832 id
1075 2770 1178 2855 videri

109 2877 308 2939 ostendimus
333 2877 367 2939 in
390 2875 545 2938 Pirithoo.
567 2874 688 2938 Statius
705 2896 857 2961 quoque,
880 2874 985 2955 lib.V,
1004 2874 1081 2955 431,
1100 2899 1176 2963 eum

109 2982 303 3071 Argonautis
326 2980 513 3059 accessisse,
528 2978 707 3066 superbum
721 3002 739 3041 a
755 2978 949 3043 Marathone
963 2997 1103 3059 asserto,
1119 2980 1179 3045 fin·

64 3160 67 3169 ¹
110 3086 168 3173 git3
181 3105 215 3152 et
225 3087 329 3151 Achil.
346 3089 379 3169 I,
396 3086 475 3167 156,
489 3086 612 3149 Chiron
625 3083 723 3166 dicit,
737 3108 770 3148 se
784 3086 951 3173 quondam
965 3086 1082 3151 vidisse
1093 3089 1180 3153 inter

110 3193 308 3283 Argonautas
330 3198 484 3275 juvenem
503 3191 650 3270 Alcidem
675 3207 708 3253 et
728 3190 872 3271 Thesea,
899 3215 989 3279 quos¹
1007 3193 1119 3258 eadem
1144 3195 1179 3276 in

110 3303 196 3364 etate
211 3321 281 3364 non
297 3300 383 3363 bene
397 3299 508 3388 jungi,
533 3313 620 3361 recte
640 3296 791 3359 Barthius
809 3311 920 3378 notat,
946 3298 1022 3384 quia
1045 3299 1078 3361 in
1093 3300 1181 3363 The-

53 3400 58 3418 ¹
110 3402 200 3469 baide
225 3408 381 3487 juvenem
403 3404 546 3486 Thesea,
576 3401 733 3467 defuneto
756 3401 821 3493 jam
848 3403 1006 3485 Hercule,
1032 3404 1179 3471 inducit:

111 3508 175 3574 Nec
190 3514 217 3577 si
235 3512 369 3577 Theseus
382 3504 547 3591 affuisset,
572 3508 607 3573 id
625 3507 836 3573 Plutarchum
858 3508 1057 3573 omissurum
1081 3511 1180 3577 luisse

112 3616 226 3700 credit,
254 3620 312 3707 qui
336 3619 403 3701 vel¹
417 3618 551 3681 minima
578 3616 619 3681 de
637 3617 755 3682 Theseo
781 3615 997 3706 persequitur.
1022 3616 1179 3683 Praeterea

112 3722 241 3806 plurimi
254 3726 372 3789 Thesea
390 3725 607 3811 antiquiorem
628 3723 754 3787 faciunt
776 3723 837 3787 hac
856 3721 1080 3810 expeditione,
1105 3727 1180 3813 quia

113 3828 286 3921 Hypsipyle
302 3832 367 3896 lilia
386 3831 450 3895 fuit
465 3830 641 3911 Thoantis,
660 3831 713 3895 ille
732 3853 810 3894 vero
825 3830 941 3893 Bacchi
959 3844 991 3892 et
1009 3829 1181 3916 Ariadnes,
1295 3916 1296 3919 Ἴ

114 3954 206 4017 quam
234 3961 252 4001 a
273 3938 403 4001 Theseo
423 3937 568 4000 relictam
590 3934 685 4015 duxit
706 3935 862 4025 Bacchus.
887 3936 929 3999 Et
941 3936 1097 4023 ,Apollon
1117 3940 1181 4027 III,

115 4040 193 4122 996,
213 4040 342 4105 inducit
362 4043 531 4121 Iasonem,
553 4038 680 4106 Medeae
703 4055 888 4103 narrantem
911 4039 1053 4131 fabulam
1065 4042 1181 4105 Thesei

116 4157 144 4202 et
160 4146 329 4229 Aiiadnes,
348 4162 386 4209 ut
405 4163 437 4214 et
456 4146 533 4210 lecit
550 4145 718 4224 Valerius,
742 4145 798 4209 lib.
813 4146 877 4226 VI,
896 4168 942 4210 vs.
960 4147 1039 4232 2783
1058 4146 1181 4233 videin
