2859 4975
168 409 172 415 ’
277 439 342 504 218
392 439 444 505 tu
471 437 559 504 mr.
585 372 1248 505 ocravuuaacousumcon

275 567 405 622 conspecta
417 553 446 621 (ὰ
460 571 490 605 su
500 553 570 622 etue),
583 551 658 606 illine
671 554 689 602 d
700 571 738 605 sss
753 557 802 606 cris
814 551 974 624 (exaudita);
988 552 1051 606 binc
1065 554 1166 620 pruinae
1180 554 1226 621 (les
1230 554 1347 622 friuscus),

276 635 350 690 illinc
365 639 402 710 ¹les
418 639 509 689 deseres
525 635 611 704 (litora
623 635 756 707 deserta):
775 637 828 691 alis
845 637 929 710 igitur
944 636 1027 702 hinc,
1039 636 1093 689 alia
1109 637 1183 691 illine
1196 636 1287 708 imago
1304 648 1348 690 est

274 721 487 791 Pretereaflebae
499 719 610 785 Medea,
630 739 685 774 non
697 725 840 782 clumam,-
862 737 912 774 nec
924 724 1021 772 wana
1037 732 1114 774 erant
1124 720 1203 773 litora
1212 720 1350 793 Hyperbo-

275 821 336 858 rea:
350 803 398 857 sed
409 803 482 876 quod
496 803 531 856 de
545 803 694 858 litoralibus
711 803 807 859 incolis
824 805 895 858 canit
903 795 1047 870 Valerius,
1061 801 1091 856 id
1104 802 1139 856 de
1151 802 1274 858 litoribus
1287 804 1349 875 ipsis

274 888 377 960 accepit
396 887 546 960 interpres:
562 900 642 960 atque
654 889 705 952 ita,
720 885 795 962 quod
804 887 893 956 ‘linxit
907 888 1073 950 verecunde,
1087 908 1119 943 ac
1133 888 1248 962 figurate
1258 889 1350 942 extulit

274 972 387 1026 Latinus
404 984 493 1036 vates,
506 970 535 1025 id
548 972 669 1028 Gallicus
689 971 854 1028 versificator
872 972 908 1027 ad
928 971 1033 1028 literam
1049 973 1254 1046 interpretatus,
1270 974 1349 1026 ubam

273 1056 383 1108 omnino
408 1055 502 1109 faciem
526 1057 607 1111 rebus
631 1056 738 1122 induit;
753 1061 883 1110 eluricum
902 1076 1008 1111 versum
1032 1063 1169 1110 romuutieo
1186 1047 1238 1126 (ut
1256 1067 1351 1109 vocant

272 1138 362 1212 Galli)
373 1141 499 1205 mutarit,
512 1139 541 1195 id
559 1153 614 1209 est,
625 1140 778 1196 abortivum
790 1138 934 1215 quemdam
949 1141 1049 1215 ingenii
1061 1155 1186 1215 partum,
1199 1142 1243 1194 rel
1259 1141 1350 1194 nescio

273 1243 356 1297 qnam
376 1223 492 1297 speciem
511 1243 624 1289 vanam,
643 1237 781 1279 carentem
801 1224 901 1293 forma,
913 1226 976 1298 regri
994 1225 1104 1280 somniis
1121 1223 1254 1287 similem,
1268 1239 1350 1295 quam

274 1326 350 1362 mens
367 1306 507 1380 imaginari
518 1326 550 1363 sc
565 1308 703 1382 percipere
717 1308 824 1382 nequit,
837 1310 866 1363 in
877 1311 966 1363 locum
977 1309 1104 1381 imaginis
1115 1325 1184 1363 veru
1197 1324 1229 1362 ac
1239 1320 1350 1361 natura-

273 1391 322 1459 lis,
332 1391 443 1465 poeticis
453 1391 588 1447 coloribus
599 1393 709 1466 depictae
718 1431 725 1460 ,
735 1393 884 1457 substituit,
894 1411 926 1447 ac
939 1391 1035 1448 deinde
1047 1393 1159 1446 latinum
1168 1407 1276 1445 versum
1288 1390 1351 1444 lide·

270 1475 331 1532 liter
341 1496 370 1532 se
382 1480 536 1552 expressisse
544 1479 673 1553 predicat
684 1481 691 1532 l

309 1613 344 1664 V·
356 1595 477 1682 auslpsi
497 1633 594 1684 quoque
615 1634 743 1677 murmura
761 1631 859 1682 porum
870 1620 928 1666 Iam
942 1617 1047 1682 Minya,
1057 1618 1115 1684 jum
1121 1615 1196 1682 sem
1204 1616 1302 1666 uotum
1317 1643 1350 1653 ·—

272 1722 285 1742 ι
295 1695 431 1752 Editiones
443 1697 544 1752 habent
549 1701 635 1768 ponti,
645 1697 735 1770 inquit
743 1698 918 1772 Wagnerus‚
929 1709 956 1752 et
965 1698 1033 1752 mire
1043 1716 1072 1751 se
1080 1708 1205 1769 torquent
1215 1714 1350 1749 commen·
1416 1688 1417 1705 ¹

272 1793 369 1836 utores
380 1783 465 1847 ‚nihil
476 1795 565 1838 tamen
575 1782 729 1854 proliciunt.
740 1783 834 1848 Quum
847 1801 912 1836 vero
927 1781 1102 1854 antiquissimi
1113 1781 1174 1834 libri
1184 1820 1193 1845 ,
1203 1781 1233 1833 in
1244 1780 1287 1834 bis
1295 1781 1350 1834 Va·

270 1867 377 1921 ticanus
394 1868 512 1940 primus,
526 1887 576 1942 pro
589 1871 664 1937 ponti
676 1868 792 1921 habeant
801 1884 913 1936 ponunt,
927 1885 982 1920 non
998 1866 1092 1931 rideo,
1112 1885 1162 1920 cur
1178 1865 1349 1918 librariorum

269 1950 406 2004 oscitantia
420 1963 518 2005 motam
530 1972 585 2006 non
597 1953 734 2006 restituam
747 1969 854 2018 rocem,
868 1971 920 2023 qua
934 1951 1052 2023 reposita
1062 1951 1108 2003 lux
1119 1951 1205 2003 oritur
1218 1950 1280 2003 loco
1292 1974 1315 2000 ι.

306 2033 422 2108 Adelph.
429 2041 529 2087 Dureau
540 2038 571 2088 de
584 2039 704 2098 Lamalle,
712 2054 797 2109 quum
805 2036 966 2090 Vaticanum
978 2033 1098 2088 codicem
1107 2046 1134 2088 et
1143 2034 1351 2088 commentarios

271 2116 311 2170 Pii
323 2119 359 2172 ob
373 2119 466 2173 oculos
482 2120 608 2183 haberet,
619 2121 763 2193 pessimam
775 2119 879 2174 Aldina
887 2118 1011 2174 editionis
1018 2118 1161 2174 lectionem
1172 2123 1268 2188 aspri...
1277 2123 1351 2187 porti

270 2202 407 2275 impavide
419 2203 535 2276 recepit,
549 2202 705 2276 addiditque
723 2204 753 2258 in
767 2222 823 2256 var.
836 2205 898 2259 lect.
915 2230 928 2250 α
939 2204 1006 2257 Mihi
1019 2204 1098 2257 lectio
1112 2202 1175 2269 illa,
1189 2221 1272 2276 quam
1286 2202 1348 2256 Pius

271 2298 415 2354 memorat,
427 2289 542 2340 maxime
553 2288 661 2360 placet;
676 2290 739 2342 item
752 2289 905 2341 burmanno
916 2288 1033 2358 placuit:
1048 2306 1131 2359 quare
1141 2287 1170 2339 in
1183 2298 1287 2340 textum
1302 2286 1350 2339 ad·

269 2370 331 2424 misi
339 2397 362 2424 ι.
377 2370 482 2444 Duplex
495 2392 568 2426 error
578 2393 585 2424 z
595 2371 697 2426 nullam
709 2373 781 2426 enim
792 2372 857 2426 Pius
870 2371 946 2425 istius
960 2371 1081 2428 lectionis
1089 2371 1254 2424 mentionem
1265 2371 1348 2431 facin

268 2453 396 2529 quodque
407 2455 579 2510 Burmannus
597 2453 772 2511 devaticana
790 2456 919 2519 lectione,
930 2473 946 2510 a
957 2455 1006 2510 Pio
1017 2467 1178 2523 memorata,
1192 2455 1350 2528 pronuntia-

269 2539 322 2603 vit,
334 2539 362 2593 id
376 2540 516 2614 Adolphus
529 2547 629 2593 Dureau
640 2544 672 2592 de
682 2546 797 2593 Lamalle
805 2540 840 2595 de
851 2540 949 2595 aldina
963 2542 1030 2596 falso
1039 2541 1177 2595 intellexit.
1194 2540 1349 2594 Periculum

268 2636 325 2691 est,
336 2624 384 2677 ubi
394 2624 454 2696 quis
463 2637 518 2678 tam
527 2624 622 2679 leviter
635 2637 756 2679 versatur
766 2625 796 2677 in
808 2625 918 2688 critica,
927 2642 963 2678 ne
973 2625 1056 2679 lector
1067 2625 1102 2677 ab
1113 2644 1167 2679 uno
1178 2643 1271 2678 errore
1282 2624 1349 2676 aesti-
1417 2661 1418 2704 4

269 2724 362 2770 mens,
377 2718 461 2761 totam
474 2708 618 2762 editionem
631 2722 787 2781 aspernetur
801 2728 808 2761 :
822 2707 895 2779 qnod
905 2708 1007 2761 malum
1020 2710 1093 2761 Dens
1104 2709 1225 2763 avertat!

309 2857 342 2904 V.
358 2868 418 2922 ²¹7·
431 2858 518 2905 [mula
531 2856 676 2905 Sarmaticae
690 2858 768 2905 Peuce
778 2868 829 2905 stat
838 2855 937 2904 romine
950 2856 1071 2920 Ilsympboe
1078 2875 1089 2913 ,-

432 2944 522 2990 Torvus
534 2939 577 2989 ubi
582 2976 590 2999 ‚
601 2952 625 2989 et
633 2941 689 3006 ripa
698 2957 793 3005 semper
801 2940 942 2989 meuseudus
952 2952 1056 3005 utraque

428 3025 534 3094 Infreta
541 3043 588 3093 per
597 3042 672 3075 suros
680 3028 744 3075 Ister
754 3025 881 3075 descendit
890 3026 996 3075 Alanos.

266 3152 280 3172 «
294 3134 396 3189 Torvus,
412 3129 477 3201 quia
488 3129 604 3183 'taurinis
624 3129 756 3201 capitibus
775 3140 801 3181 et
816 3128 949 3200 cornigeri
966 3127 1042 3179 lluvii
1061 3145 1079 3179 a
1097 3126 1182 3197 poetis
1200 3125 1348 3197 linguntur.

264 3211 310 3265 Sic
330 3213 505 3267 Burmannus.
518 3214 569 3267 Vir
588 3211 683 3267 doctus
704 3209 998 3282 autem(Jortinus)in
1018 3209 1095 3263 Misc.
1115 3209 1194 3263 Obss·
1216 3208 1271 3263 rol.
1296 3209 1348 3274 lv,

267 3314 296 3369 p.
313 3313 372 3364 192,
381 3295 435 3351 hoc
445 3313 526 3351 torvus
536 3298 667 3371 respicere
677 3309 753 3370 putat
767 3301 805 3349 ad
816 3302 914 3349 accolas
920 3298 1019 3364 seroces
1032 3310 1057 3347 et
1069 3299 1202 3355 terbum,
1218 3305 1244 3347 et
1254 3292 1349 3347 eadem

268 3378 376 3453 quidem
396 3381 517 3451 ratione,
534 3402 588 3455 qua
604 3382 700 3436 fluvius
718 3380 803 3435 ludus
816 3375 886 3451 ratker
904 3378 1009 3433 dicatur
1026 3378 1191 3442 Claudiano,
1213 3378 1243 3430 in
1264 3377 1348 3431 Probi

266 3478 292 3519 et
302 3467 499 3539 Olybrii-Cous.
514 3488 539 3522 v.
552 3487 612 3541 170.
626 3467 678 3521 Sed
689 3466 774 3539 quari
787 3464 872 3538 possit
881 3482 975 3539 „anne
989 3465 1040 3517 isto
1056 3462 1197 3518 Claudiani
1216 3462 1289 3523 loco,
1305 3462 1348 3515 uti

267 3550 338 3623 apud
350 3552 475 3606 eumdem
493 3552 594 3606 Stilich.
607 3551 632 3615 l,
651 3549 710 3616 1⁵6,
730 3549 813 3602 Indus
825 3567 881 3601 non
894 3547 1008 3611 fluvius,
1027 3546 1075 3600 sed
1090 3547 1173 3599 homo
1187 3547 1348 3612 (Indiauer)

267 3635 310 3689 eit.
325 3636 452 3691 Praeterea
463 3655 527 3691 vero
540 3634 589 3687 ista
600 3634 686 3706 ligura
698 3632 824 3687 orationis
838 3634 874 3686 ob
888 3644 1029 3706 sequentes
1041 3636 1134 3684 Alanos
1142 3630 1207 3683 huic
1220 3629 1280 3682 loco
1289 3647 1347 3680 nou

264 3721 327 3775 satis
345 3720 545 3776 accommodata
564 3717 678 3773 ridetur.
696 3716 769 3783 Quid
789 3716 882 3771 enim?
899 3716 1125 3770 nonneValerius
1147 3726 1204 3768 tum
1219 3711 1346 3777 dixisset,
1415 3742 1419 3753 -

265 3806 366 3861 accolas
380 3788 541 3860 descendere
554 3803 583 3857 in
597 3802 665 3857 freta
679 3820 727 3875 per
742 3800 864 3855 semler?
877 3802 985 3855 Maneat
998 3800 1082 3872 igitur
1092 3798 1133 3850 Pii
1151 3810 1178 3851 et
1194 3796 1346 3849 Bnrmanni

267 3888 414 3963 explicatio.
426 3915 439 3935 n
451 3890 494 3943 Sic
507 3888 673 3958 Wagnems.

300 4030 335 4082 V.
351 4030 412 4081 228.
429 4027 514 4094 Qualis
529 4026 667 4092 sanguineo
682 4026 764 4075 victor
775 4025 897 4074 Gravidae
911 4024 944 4071 ab
957 4023 1036 4071 Hebro

424 4112 531 4162 Idalium
536 4109 608 4177 fitrtu
621 4109 699 4168 sutis,
719 4121 764 4158 aut
776 4109 869 4158 dilecta
884 4105 996 4169 Cythera.

262 4233 364 4293 Eximia
387 4233 586 4309 pulchritudine
607 4245 644 4287 est
663 4232 706 4287 ille
725 4230 834 4313 omnino
852 4224 932 4284 locus¹
947 4227 994 4300 qui
1015 4228 1085 4279 intra
1108 4242 1198 4277 versus
1221 4222 1341 4282 ssd-alo
