2859 4975
326 405 734 509 ARGONAtJTlcoN,
759 406 848 470 tls.
872 407 913 470 X.
1095 405 1158 472 255

126 541 267 633 Hospitii
283 539 370 606 dona
384 537 490 627 ampla
507 535 615 614 dedit,
633 534 726 602 dedit
739 537 877 626 insuper
889 537 974 602 elsua
1120 562 1158 607 ,ιε

124 664 241 740 Arete,
261 655 390 719 bissena
406 652 500 741 sequi
519 673 592 744 quae
610 649 769 716 Golchida
785 650 884 732 jussit

124 772 304 861 Mancipia‚
326 769 361 833 in
378 767 463 858 regis
484 766 637 832 domibus
654 765 842 832 Pboeacidos
860 789 927 831 orae

123 887 271 969 Educta,
292 899 325 950 et
341 897 469 948 sanctos
489 880 630 946 dominer
647 881 822 946 referentia
837 903 956 947 mores.

168 1003 334 1090 Tempore
349 999 426 1064 dein
445 1019 546 1086 parvo
563 997 733 1086 Drepaues
748 997 913 1062 laefissima
927 997 1049 1088 linquit

123 1119 212 1180 Rura
228 1137 364 1194 manus,
384 1111 535 1202 zephyris
553 1132 698 1198 auraque
713 1110 844 1176 favente
860 1113 966 1200 potita
1121 1136 1161 1175 ¹5⁰

122 1229 280 1318 Navigat,
297 1244 331 1292 et
343 1227 416 1292 fatis
431 1247 499 1290 non
515 1225 621 1314 tangit
632 1223 787 1290 Aeheeida
802 1242 941 1310 terram,

123 1342 161 1406 ln
177 1341 340 1431 Libycum
356 1339 463 1404 donec
478 1338 694 1427 penetraverit
709 1355 781 1404 aeta
795 1340 1012 1429 profundum.

31 1437 33 1442 ¹
122 1456 313 1520 Ambracios
326 1455 461 1546 tetigere
475 1455 585 1537 sinus,
600 1455 800 1543 Curetiaque
816 1478 906 1539 arva,

122 1572 165 1636 Et
176 1569 305 1636 volueri
318 1569 390 1634 velo
404 1568 536 1634 Stinnes
553 1584 587 1632 et
599 1567 784 1632 Echinadas
797 1591 865 1633 una

123 1686 345 1767 Praetereunt,
361 1683 558 1772 Pelopisque
572 1681 685 1748 vident
699 1683 866 1773 surgentia
878 1705 990 1773 regna.
1121 1708 1158 1746 2⁵⁵

122 1803 184 1868 Hie
199 1805 312 1867 Boreee
326 1801 436 1885 fruor,
453 1817 552 1889 atque
566 1800 727 1865 immensa
742 1800 885 1889 procella
899 1800 1027 1864 ruentis

121 1921 251 2007 Perque
268 1939 387 1982 novem
405 1933 539 1999 noctes,
558 1913 764 2004 totidemque
782 1915 948 2003 reciproca
963 1915 1071 1998 luces,

119 2034 266 2123 Dispulit
277 2033 312 2098 in
325 2032 462 2120 Libycas
475 2030 645 2096 volitantia
659 2029 793 2094 carbasa
804 2045 919 2119 syrtes.

120 2148 267 2214 Navibus
286 2146 365 2210 hino
380 2145 486 2235 pelagi
502 2142 645 2208 reditum
661 2159 779 2208 natura
798 2147 949 2234 negavit,

121 2264 234 2328 Limus
250 2261 374 2349 ubique
388 2253 560 2348 frequens,
571 2274 703 2340 vortex,
717 2274 752 2323 et
764 2259 863 2324 inane
877 2261 1101 2348 profundunt,
1122 2285 1159 2325 an

119 2379 381 2468 spumantesque
398 2375 503 2439 vomit
522 2375 657 2439 sinuoso
681 2374 816 2438 turbine
835 2373 975 2461 fluetus,

120 2471 162 2559 Et
181 2510 333 2558 tenerum
349 2491 492 2580 erumpit
506 2490 642 2555 dorsum
659 2487 805 2554 flaventis
818 2513 936 2557 arenae.

119 2611 197 2675 Non
212 2610 291 2673 hinc
305 2608 451 2697 effugere
464 2622 514 2671 est
526 2604 683 2695 pedibus,
703 2606 862 2695 pennisve
876 2606 986 2674 levari.

119 2706 230 2789 Litora
245 2737 450 2811 restagnant,
468 2721 639 2813 pelagique
654 2721 794 2785 furentis
815 2722 980 2787 inundent

119 2833 271 2916 Insidiis,
295 2832 368 2898 fluit
383 2856 421 2898 ae
433 2832 543 2898 refluit
558 2856 637 2924 vaga
656 2850 807 2922 ternpore
824 2858 926 2923 parvo
1119 2864 1157 2905 ‚se

45 3012 47 3021 ,
120 2948 216 3012 Unda
232 2963 334 3011 ratem
352 2947 535 3035 abripiens,
554 2971 653 3036 quam
670 2948 762 3013 nuda
778 2950 900 3039 linquit
914 2974 1022 3019 arena.

164 3062 322 3126 Desiliere
338 3060 419 3143 viri,
437 3060 538 3125 tacito
553 3061 675 3149 quibus
689 3061 755 3127 icta
769 3064 891 3151 pavore

119 3175 228 3241 Corda
242 3191 405 3259 tremunt3
425 3175 547 3265 quippe
563 3176 670 3265 ampla
684 3175 801 3241 vident
816 3176 958 3264 deserta,
977 3183 1090 3271 quieto

121 3291 241 3355 Omnia
254 3291 350 3380 plena
364 3306 476 3371 metu;
491 3312 560 3355 non
575 3289 785 3379 hie-pastoria
797 3290 907 3358 balent

14 3460 15 3463 ,
119 3405 276 3495 Agmina,
291 3427 353 3469 nee
372 3407 484 3494 riguos
505 3405 650 3495 depascit
664 3404 797 3469 victima
815 3406 925 3472 saltus.
1035 3468 1039 3477 ,
1117 3446 1155 3472 η

121 3520 216 3583 Tunc
227 3542 328 3607 pavor
340 3519 457 3584 heroas
471 3520 589 3603 subiit,
604 3518 844 3608 simulacraque
857 3520 931 3602 leti,

120 3633 225 3720 Inque
240 3632 344 3695 vicem
365 3632 463 3696 tacito
483 3633 666 3699 lustrartmt
681 3633 809 3698 lumine
826 3635 945 3701 vultus

121 3746 299 3811 «Fallaeem
320 3769 341 3809 o
361 3748 498 3813 terram!
519 3769 588 3835 quo
609 3768 670 3811 nos
692 3748 849 3837 pepulere
866 3751 1036 3838 procellaei’

122 3859 151 3922 Ο
165 3859 292 3922 utinam
308 3860 450 3949 scopulis
464 3860 762 3927 intercurrentibus
773 3864 863 3953 Argo

121 3974 284 4061 Perpetuo
302 3990 422 4039 nutans
440 3976 559 4065 agitata
577 3976 848 4043 timorefuisset!

120 4088 271 4155 Adversis
289 4089 406 4154 melius
423 4089 626 4161 fueranfreta
643 4090 761 4157 'caerula
781 4092 854 4159 fetis

195 4268 210 4319 l
