<?xml version="1.0" encoding="UTF-8"?>
<!DOCTYPE html PUBLIC "-//W3C//DTD XHTML 1.0 Transitional//EN"
    "http://www.w3.org/TR/xhtml1/DTD/xhtml1-transitional.dtd">
<html xmlns="http://www.w3.org/1999/xhtml" xml:lang="en" lang="en">
 <head>
  <title>
</title>
<meta http-equiv="Content-Type" content="text/html;charset=utf-8" />
  <meta name='ocr-system' content='tesseract 3.04.00' />
  <meta name='ocr-capabilities' content='ocr_page ocr_carea ocr_par ocr_line ocrx_word'/>
</head>
<body>
  <div class='ocr_page' id='page_1' title='image "bibliothecaclas119lemagoog_0303.png"; bbox 0 0 2859 4975; ppageno 0'>
   <div class='ocr_carea' id='block_1_1' title="bbox 446 429 1170 524">
    <p class='ocr_par' dir='ltr' id='par_1_1' title="bbox 446 429 1170 524">
     <span class='ocr_line' id='line_1_1' title="bbox 446 429 1170 524; baseline 0.008 -28"><span class='ocrx_word' id='word_1_1' title='bbox 446 429 829 496; x_wconf 80' lang='lat' dir='ltr'><strong>ARGONAUTICA.</strong></span> <span class='ocrx_word' id='word_1_2' title='bbox 1111 463 1170 524; x_wconf 85' lang='lat'><strong>291</strong></span> 
     </span>
    </p>
   </div>
   <div class='ocr_carea' id='block_1_2' title="bbox 147 558 1180 3405">
    <p class='ocr_par' dir='ltr' id='par_1_2' title="bbox 147 558 1179 2370">
     <span class='ocr_line' id='line_1_2' title="bbox 147 558 1021 652; baseline 0.002 -24"><span class='ocrx_word' id='word_1_3' title='bbox 147 563 199 628; x_wconf 91' lang='lat' dir='ltr'><strong>Ad</strong></span> <span class='ocrx_word' id='word_1_4' title='bbox 215 585 298 652; x_wconf 88' lang='lat' dir='ltr'><strong>quos</strong></span> <span class='ocrx_word' id='word_1_5' title='bbox 312 579 393 628; x_wconf 90' lang='lat' dir='ltr'><strong>tuuc</strong></span> <span class='ocrx_word' id='word_1_6' title='bbox 409 584 521 625; x_wconf 89' lang='lat' dir='ltr'><strong>ornnes</strong></span> <span class='ocrx_word' id='word_1_7' title='bbox 541 563 655 626; x_wconf 83' lang='lat' dir='ltr'><strong>Peleus</strong></span> <span class='ocrx_word' id='word_1_8' title='bbox 673 558 771 650; x_wconf 87' lang='lat' dir='ltr'><strong>eques</strong></span> <span class='ocrx_word' id='word_1_9' title='bbox 790 581 838 627; x_wconf 91' lang='lat' dir='ltr'><strong>est</strong></span> <span class='ocrx_word' id='word_1_10' title='bbox 853 565 897 636; x_wconf 74' lang='lat' dir='ltr'><strong>ita</strong></span> <span class='ocrx_word' id='word_1_11' title='bbox 915 564 1021 630; x_wconf 84' lang='lat' dir='ltr'><strong>latus:</strong></span> 
     </span>
     <span class='ocr_line' id='line_1_3' title="bbox 150 678 981 763; baseline -0.001 -19"><span class='ocrx_word' id='word_1_12' title='bbox 150 701 153 706; x_wconf 87' lang='lat'>·</span> <span class='ocrx_word' id='word_1_13' title='bbox 192 711 205 736; x_wconf 65' lang='lat' dir='ltr'>a</span> <span class='ocrx_word' id='word_1_14' title='bbox 215 679 353 744; x_wconf 90' lang='lat' dir='ltr'><strong>Cernitis</strong></span> <span class='ocrx_word' id='word_1_15' title='bbox 371 678 495 741; x_wconf 85' lang='lat' dir='ltr'><strong>excelso</strong></span> <span class='ocrx_word' id='word_1_16' title='bbox 511 679 626 742; x_wconf 86' lang='lat' dir='ltr'><strong>collem</strong></span> <span class='ocrx_word' id='word_1_17' title='bbox 642 678 704 742; x_wconf 90' lang='lat' dir='ltr'><strong>sub</strong></span> <span class='ocrx_word' id='word_1_18' title='bbox 721 679 854 760; x_wconf 89' lang='lat' dir='ltr'><strong>vertice,</strong></span> <span class='ocrx_word' id='word_1_19' title='bbox 871 681 981 763; x_wconf 83' lang='lat' dir='ltr'><strong>amici,</strong></span> 
     </span>
     <span class='ocr_line' id='line_1_4' title="bbox 147 792 954 880; baseline 0.001 -24"><span class='ocrx_word' id='word_1_20' title='bbox 147 795 186 857; x_wconf 93' lang='lat' dir='ltr'><strong>ln</strong></span> <span class='ocrx_word' id='word_1_21' title='bbox 203 794 311 859; x_wconf 86' lang='lat' dir='ltr'><strong>medio</strong></span> <span class='ocrx_word' id='word_1_22' title='bbox 327 792 521 856; x_wconf 91' lang='lat' dir='ltr'><strong>umbrosum</strong></span> <span class='ocrx_word' id='word_1_23' title='bbox 538 794 663 880; x_wconf 80' lang='lat' dir='ltr'><strong>spatio?</strong></span> <span class='ocrx_word' id='word_1_24' title='bbox 677 793 873 872; x_wconf 86' lang='lat' dir='ltr'><strong>justissimus</strong></span> <span class='ocrx_word' id='word_1_25' title='bbox 890 794 954 857; x_wconf 93' lang='lat' dir='ltr'><strong>illic</strong></span> 
     </span>
     <span class='ocr_line' id='line_1_5' title="bbox 148 907 1059 996; baseline 0.001 -25"><span class='ocrx_word' id='word_1_26' title='bbox 148 909 386 972; x_wconf 80' lang='lat' dir='ltr'>Centaurorum</span> <span class='ocrx_word' id='word_1_27' title='bbox 404 907 529 970; x_wconf 87' lang='lat' dir='ltr'><strong>habitat</strong></span> <span class='ocrx_word' id='word_1_28' title='bbox 545 909 706 996; x_wconf 77' lang='lat' dir='ltr'>speluncae</span> <span class='ocrx_word' id='word_1_29' title='bbox 721 908 754 969; x_wconf 92' lang='lat' dir='ltr'><strong>iu</strong></span> <span class='ocrx_word' id='word_1_30' title='bbox 773 908 916 995; x_wconf 83' lang='lat' dir='ltr'>margine</span> <span class='ocrx_word' id='word_1_31' title='bbox 935 909 1059 973; x_wconf 85' lang='lat' dir='ltr'><strong>Chiron</strong></span> 
     </span>
     <span class='ocr_line' id='line_1_6' title="bbox 149 1019 1176 1109; baseline 0.001 -25"><span class='ocrx_word' id='word_1_32' title='bbox 149 1022 357 1109; x_wconf 88' lang='lat' dir='ltr'><strong>Quicumque</strong></span> <span class='ocrx_word' id='word_1_33' title='bbox 374 1022 408 1084; x_wconf 93' lang='lat' dir='ltr'><strong>in</strong></span> <span class='ocrx_word' id='word_1_34' title='bbox 428 1019 534 1096; x_wconf 84' lang='lat' dir='ltr'><strong>Pindo</strong></span> <span class='ocrx_word' id='word_1_35' title='bbox 550 1037 606 1085; x_wconf 85' lang='lat' dir='ltr'><strong>aut</strong></span> <span class='ocrx_word' id='word_1_36' title='bbox 622 1019 748 1084; x_wconf 88' lang='lat' dir='ltr'><strong>Pholoe</strong></span> <span class='ocrx_word' id='word_1_37' title='bbox 762 1037 933 1085; x_wconf 82' lang='lat' dir='ltr'><strong>versantur</strong></span> <span class='ocrx_word' id='word_1_38' title='bbox 949 1022 985 1084; x_wconf 94' lang='lat' dir='ltr'><strong>in</strong></span> <span class='ocrx_word' id='word_1_39' title='bbox 1001 1024 1098 1104; x_wconf 74' lang='lat' dir='ltr'><strong>urbe,</strong></span> <span class='ocrx_word' id='word_1_40' title='bbox 1139 1047 1176 1099; x_wconf 75' lang='lat'><strong>³7⁵</strong></span> 
     </span>
     <span class='ocr_line' id='line_1_7' title="bbox 147 1134 998 1222; baseline 0.001 -23"><span class='ocrx_word' id='word_1_41' title='bbox 147 1135 285 1200; x_wconf 74' lang='lat' dir='ltr'><strong>iustitiae</strong></span> <span class='ocrx_word' id='word_1_42' title='bbox 304 1134 433 1216; x_wconf 86' lang='lat' dir='ltr'><strong>studet,</strong></span> <span class='ocrx_word' id='word_1_43' title='bbox 449 1151 481 1198; x_wconf 90' lang='lat' dir='ltr'><strong>et</strong></span> <span class='ocrx_word' id='word_1_44' title='bbox 495 1135 618 1199; x_wconf 84' lang='lat' dir='ltr'><strong>morbis</strong></span> <span class='ocrx_word' id='word_1_45' title='bbox 633 1134 846 1198; x_wconf 84' lang='lat' dir='ltr'>medicamina</span> <span class='ocrx_word' id='word_1_46' title='bbox 860 1135 998 1222; x_wconf 72' lang='lat' dir='ltr'><strong>praebet,</strong></span> 
     </span>
     <span class='ocr_line' id='line_1_8' title="bbox 151 1247 1066 1336; baseline 0 -23"><span class='ocrx_word' id='word_1_47' title='bbox 151 1250 240 1332; x_wconf 92' lang='lat' dir='ltr'><strong>Quin</strong></span> <span class='ocrx_word' id='word_1_48' title='bbox 262 1249 359 1313; x_wconf 89' lang='lat' dir='ltr'><strong>etiam</strong></span> <span class='ocrx_word' id='word_1_49' title='bbox 378 1249 491 1314; x_wconf 85' lang='lat' dir='ltr'><strong>Phoebi</strong></span> <span class='ocrx_word' id='word_1_50' title='bbox 507 1248 661 1312; x_wconf 88' lang='lat' dir='ltr'><strong>citharam</strong></span> <span class='ocrx_word' id='word_1_51' title='bbox 680 1247 880 1336; x_wconf 90' lang='lat' dir='ltr'><strong>quandoque</strong></span> <span class='ocrx_word' id='word_1_52' title='bbox 898 1271 1066 1332; x_wconf 88' lang='lat' dir='ltr'><strong>canoram,</strong></span> 
     </span>
     <span class='ocr_line' id='line_1_9' title="bbox 148 1365 957 1452; baseline -0.002 -23"><span class='ocrx_word' id='word_1_53' title='bbox 148 1366 343 1430; x_wconf 84' lang='lat' dir='ltr'><strong>Mercuriive</strong></span> <span class='ocrx_word' id='word_1_54' title='bbox 364 1365 467 1452; x_wconf 84' lang='lat' dir='ltr'><strong>lyram</strong></span> <span class='ocrx_word' id='word_1_55' title='bbox 487 1365 610 1452; x_wconf 89' lang='lat' dir='ltr'><strong>plectro</strong></span> <span class='ocrx_word' id='word_1_56' title='bbox 633 1380 796 1451; x_wconf 89' lang='lat' dir='ltr'><strong>pertentat</strong></span> <span class='ocrx_word' id='word_1_57' title='bbox 813 1387 957 1443; x_wconf 86' lang='lat' dir='ltr'><strong>amoeno;</strong></span> 
     </span>
     <span class='ocr_line' id='line_1_10' title="bbox 149 1467 897 1559; baseline 0 -17"><span class='ocrx_word' id='word_1_58' title='bbox 149 1479 277 1544; x_wconf 81' lang='lat' dir='ltr'><strong>Iudicia</strong></span> <span class='ocrx_word' id='word_1_59' title='bbox 296 1480 332 1542; x_wconf 93' lang='lat' dir='ltr'><strong>in</strong></span> <span class='ocrx_word' id='word_1_60' title='bbox 353 1467 450 1544; x_wconf 78' lang='lat' dir='ltr'><strong>rebus</strong></span> <span class='ocrx_word' id='word_1_61' title='bbox 466 1479 617 1544; x_wconf 86' lang='lat' dir='ltr'><strong>mortales</strong></span> <span class='ocrx_word' id='word_1_62' title='bbox 634 1477 750 1542; x_wconf 90' lang='lat' dir='ltr'><strong>edocet</strong></span> <span class='ocrx_word' id='word_1_63' title='bbox 765 1501 897 1559; x_wconf 90' lang='lat' dir='ltr'><strong>omnes,</strong></span> 
     </span>
     <span class='ocr_line' id='line_1_11' title="bbox 149 1591 1178 1680; baseline 0.001 -25"><span class='ocrx_word' id='word_1_64' title='bbox 149 1594 260 1680; x_wconf 90' lang='lat' dir='ltr'><strong>Usque</strong></span> <span class='ocrx_word' id='word_1_65' title='bbox 275 1592 356 1656; x_wconf 88' lang='lat' dir='ltr'><strong>adeo</strong></span> <span class='ocrx_word' id='word_1_66' title='bbox 372 1593 482 1657; x_wconf 83' lang='lat' dir='ltr'><strong>Thetis</strong></span> <span class='ocrx_word' id='word_1_67' title='bbox 498 1608 536 1657; x_wconf 90' lang='lat' dir='ltr'><strong>ut</strong></span> <span class='ocrx_word' id='word_1_68' title='bbox 549 1591 649 1656; x_wconf 87' lang='lat' dir='ltr'><strong>niveis</strong></span> <span class='ocrx_word' id='word_1_69' title='bbox 668 1606 820 1680; x_wconf 84' lang='lat' dir='ltr'><strong>argentea</strong></span> <span class='ocrx_word' id='word_1_70' title='bbox 837 1608 1001 1675; x_wconf 84' lang='lat' dir='ltr'><strong>nostrum,</strong></span> <span class='ocrx_word' id='word_1_71' title='bbox 1140 1612 1178 1652; x_wconf 73' lang='lat'><strong>³⁸0</strong></span> 
     </span>
     <span class='ocr_line' id='line_1_12' title="bbox 151 1707 1101 1794; baseline 0.001 -23"><span class='ocrx_word' id='word_1_72' title='bbox 151 1707 328 1794; x_wconf 88' lang='lat' dir='ltr'><strong>Quemque</strong></span> <span class='ocrx_word' id='word_1_73' title='bbox 340 1708 433 1790; x_wconf 83' lang='lat' dir='ltr'><strong>enixa</strong></span> <span class='ocrx_word' id='word_1_74' title='bbox 445 1729 576 1788; x_wconf 91' lang='lat' dir='ltr'><strong>recens,</strong></span> <span class='ocrx_word' id='word_1_75' title='bbox 595 1721 708 1769; x_wconf 90' lang='lat' dir='ltr'><strong>natum</strong></span> <span class='ocrx_word' id='word_1_76' title='bbox 730 1708 898 1794; x_wconf 84' lang='lat' dir='ltr'><strong>complexa</strong></span> <span class='ocrx_word' id='word_1_77' title='bbox 919 1708 981 1770; x_wconf 92' lang='lat' dir='ltr'><strong>sub</strong></span> <span class='ocrx_word' id='word_1_78' title='bbox 998 1709 1101 1790; x_wconf 91' lang='lat' dir='ltr'><strong>ulnis,</strong></span> 
     </span>
     <span class='ocr_line' id='line_1_13' title="bbox 148 1821 1000 1902; baseline -0.004 -16"><span class='ocrx_word' id='word_1_79' title='bbox 148 1823 262 1886; x_wconf 89' lang='lat' dir='ltr'><strong>Pelion</strong></span> <span class='ocrx_word' id='word_1_80' title='bbox 285 1821 481 1902; x_wconf 88' lang='lat' dir='ltr'><strong>ascendens,</strong></span> <span class='ocrx_word' id='word_1_81' title='bbox 499 1821 608 1885; x_wconf 91' lang='lat' dir='ltr'><strong>tulerit</strong></span> <span class='ocrx_word' id='word_1_82' title='bbox 624 1821 777 1884; x_wconf 89' lang='lat' dir='ltr'><strong>Chironis</strong></span> <span class='ocrx_word' id='word_1_83' title='bbox 794 1821 835 1884; x_wconf 92' lang='lat' dir='ltr'><strong>ad</strong></span> <span class='ocrx_word' id='word_1_84' title='bbox 853 1837 1000 1902; x_wconf 92' lang='lat' dir='ltr'><strong>antrum,</strong></span> 
     </span>
     <span class='ocr_line' id='line_1_14' title="bbox 150 1936 1021 2026; baseline -0.001 -26"><span class='ocrx_word' id='word_1_85' title='bbox 150 1938 227 2019; x_wconf 91' lang='lat' dir='ltr'><strong>Quo</strong></span> <span class='ocrx_word' id='word_1_86' title='bbox 246 1938 326 2002; x_wconf 88' lang='lat' dir='ltr'><strong>sciat</strong></span> <span class='ocrx_word' id='word_1_87' title='bbox 341 1953 373 2002; x_wconf 91' lang='lat' dir='ltr'><strong>et</strong></span> <span class='ocrx_word' id='word_1_88' title='bbox 386 1936 568 2026; x_wconf 85' lang='lat' dir='ltr'><strong>prudenter</strong></span> <span class='ocrx_word' id='word_1_89' title='bbox 583 1937 641 2017; x_wconf 92' lang='lat' dir='ltr'><strong>ali,</strong></span> <span class='ocrx_word' id='word_1_90' title='bbox 658 1953 690 1999; x_wconf 92' lang='lat' dir='ltr'><strong>et</strong></span> <span class='ocrx_word' id='word_1_91' title='bbox 709 1951 895 2000; x_wconf 88' lang='lat' dir='ltr'><strong>constanter</strong></span> <span class='ocrx_word' id='word_1_92' title='bbox 913 1937 1021 2000; x_wconf 87' lang='lat' dir='ltr'><strong>amari.</strong></span> 
     </span>
     <span class='ocr_line' id='line_1_15' title="bbox 150 2049 939 2138; baseline -0.001 -23"><span class='ocrx_word' id='word_1_93' title='bbox 150 2051 212 2116; x_wconf 89' lang='lat' dir='ltr'><strong>Sed</strong></span> <span class='ocrx_word' id='word_1_94' title='bbox 225 2052 291 2132; x_wconf 86' lang='lat' dir='ltr'><strong>jam</strong></span> <span class='ocrx_word' id='word_1_95' title='bbox 310 2067 396 2116; x_wconf 87' lang='lat' dir='ltr'><strong>certa</strong></span> <span class='ocrx_word' id='word_1_96' title='bbox 413 2067 503 2116; x_wconf 86' lang='lat' dir='ltr'><strong>tenet</strong></span> <span class='ocrx_word' id='word_1_97' title='bbox 518 2052 609 2138; x_wconf 90' lang='lat' dir='ltr'><strong>pueri</strong></span> <span class='ocrx_word' id='word_1_98' title='bbox 626 2073 679 2114; x_wconf 91' lang='lat' dir='ltr'><strong>me</strong></span> <span class='ocrx_word' id='word_1_99' title='bbox 696 2073 773 2114; x_wconf 92' lang='lat' dir='ltr'><strong>cura</strong></span> <span class='ocrx_word' id='word_1_100' title='bbox 790 2049 939 2134; x_wconf 75' lang='lat' dir='ltr'><strong>videndi,</strong></span> 
     </span>
     <span class='ocr_line' id='line_1_16' title="bbox 150 2166 1179 2258; baseline 0.001 -27"><span class='ocrx_word' id='word_1_101' title='bbox 150 2170 290 2232; x_wconf 79' lang='lat' dir='ltr'><strong>Antrum</strong></span> <span class='ocrx_word' id='word_1_102' title='bbox 306 2168 406 2258; x_wconf 82' lang='lat' dir='ltr'><strong>igitur</strong></span> <span class='ocrx_word' id='word_1_103' title='bbox 423 2191 612 2255; x_wconf 89' lang='lat' dir='ltr'><strong>poscamus,</strong></span> <span class='ocrx_word' id='word_1_104' title='bbox 627 2184 666 2230; x_wconf 92' lang='lat' dir='ltr'><strong>ut</strong></span> <span class='ocrx_word' id='word_1_105' title='bbox 681 2166 735 2230; x_wconf 93' lang='lat' dir='ltr'><strong>hic</strong></span> <span class='ocrx_word' id='word_1_106' title='bbox 751 2166 917 2230; x_wconf 84' lang='lat' dir='ltr'><strong>videamus</strong></span> <span class='ocrx_word' id='word_1_107' title='bbox 935 2168 1028 2232; x_wconf 91' lang='lat' dir='ltr'><strong>amici</strong></span> <span class='ocrx_word' id='word_1_108' title='bbox 1141 2186 1179 2224; x_wconf 79' lang='lat'><strong>³⁸⁵</strong></span> 
     </span>
     <span class='ocr_line' id='line_1_17' title="bbox 150 2281 1024 2370; baseline 0.003 -25"><span class='ocrx_word' id='word_1_109' title='bbox 150 2283 233 2366; x_wconf 89' lang='lat' dir='ltr'><strong>Quis</strong></span> <span class='ocrx_word' id='word_1_110' title='bbox 243 2303 351 2370; x_wconf 79' lang='lat' dir='ltr'><strong>¹puero</strong></span> <span class='ocrx_word' id='word_1_111' title='bbox 368 2283 493 2362; x_wconf 91' lang='lat' dir='ltr'><strong>cultus,</strong></span> <span class='ocrx_word' id='word_1_112' title='bbox 515 2303 644 2344; x_wconf 91' lang='lat' dir='ltr'><strong>morum</strong></span> <span class='ocrx_word' id='word_1_113' title='bbox 664 2282 736 2368; x_wconf 90' lang='lat' dir='ltr'><strong>quis</strong></span> <span class='ocrx_word' id='word_1_114' title='bbox 755 2281 863 2369; x_wconf 83' lang='lat' dir='ltr'><strong>fulgor</strong></span> <span class='ocrx_word' id='word_1_115' title='bbox 884 2282 918 2344; x_wconf 92' lang='lat' dir='ltr'><strong>in</strong></span> <span class='ocrx_word' id='word_1_116' title='bbox 935 2282 1024 2348; x_wconf 80' lang='lat' dir='ltr'><strong>illo».</strong></span> 
     </span>
    </p>

    <p class='ocr_par' dir='ltr' id='par_1_3' title="bbox 149 2397 1180 3405">
     <span class='ocr_line' id='line_1_18' title="bbox 192 2397 1077 2486; baseline 0.002 -24"><span class='ocrx_word' id='word_1_117' title='bbox 192 2399 245 2462; x_wconf 88' lang='lat' dir='ltr'><strong>Sic</strong></span> <span class='ocrx_word' id='word_1_118' title='bbox 265 2397 395 2480; x_wconf 88' lang='lat' dir='ltr'><strong>diceus,</strong></span> <span class='ocrx_word' id='word_1_119' title='bbox 414 2398 527 2462; x_wconf 91' lang='lat' dir='ltr'><strong>callem</strong></span> <span class='ocrx_word' id='word_1_120' title='bbox 542 2397 740 2486; x_wconf 72' lang='lat' dir='ltr'><strong>ingreditur,</strong></span> <span class='ocrx_word' id='word_1_121' title='bbox 757 2415 920 2460; x_wconf 90' lang='lat' dir='ltr'><strong>sectamur</strong></span> <span class='ocrx_word' id='word_1_122' title='bbox 933 2417 1077 2464; x_wconf 89' lang='lat' dir='ltr'><strong>euntem.</strong></span> 
     </span>
     <span class='ocr_line' id='line_1_19' title="bbox 149 2514 918 2595; baseline -0.001 -17"><span class='ocrx_word' id='word_1_123' title='bbox 149 2516 207 2578; x_wconf 87' lang='lat' dir='ltr'><strong>Ast</strong></span> <span class='ocrx_word' id='word_1_124' title='bbox 221 2514 279 2578; x_wconf 92' lang='lat' dir='ltr'><strong>ubi</strong></span> <span class='ocrx_word' id='word_1_125' title='bbox 299 2516 453 2579; x_wconf 86' lang='lat' dir='ltr'><strong>Centauri</strong></span> <span class='ocrx_word' id='word_1_126' title='bbox 472 2531 567 2577; x_wconf 86' lang='lat' dir='ltr'><strong>vastae</strong></span> <span class='ocrx_word' id='word_1_127' title='bbox 584 2516 799 2579; x_wconf 88' lang='lat' dir='ltr'><strong>successimus</strong></span> <span class='ocrx_word' id='word_1_128' title='bbox 821 2516 918 2595; x_wconf 73' lang='lat' dir='ltr'><strong>aulae,</strong></span> 
     </span>
     <span class='ocr_line' id='line_1_20' title="bbox 149 2628 920 2718; baseline 0 -25"><span class='ocrx_word' id='word_1_129' title='bbox 149 2630 222 2718; x_wconf 91' lang='lat' dir='ltr'><strong>Ipse</strong></span> <span class='ocrx_word' id='word_1_130' title='bbox 240 2628 452 2693; x_wconf 84' lang='lat' dir='ltr'><strong>recumbebat</strong></span> <span class='ocrx_word' id='word_1_131' title='bbox 470 2630 560 2691; x_wconf 87' lang='lat' dir='ltr'><strong>tenui</strong></span> <span class='ocrx_word' id='word_1_132' title='bbox 579 2651 680 2717; x_wconf 91' lang='lat' dir='ltr'><strong>prope</strong></span> <span class='ocrx_word' id='word_1_133' title='bbox 701 2630 813 2692; x_wconf 87' lang='lat' dir='ltr'><strong>limina</strong></span> <span class='ocrx_word' id='word_1_134' title='bbox 835 2629 920 2693; x_wconf 90' lang='lat' dir='ltr'><strong>lecto</strong></span> 
     </span>
     <span class='ocr_line' id='line_1_21' title="bbox 149 2743 1180 2833; baseline 0 -26"><span class='ocrx_word' id='word_1_135' title='bbox 149 2745 285 2833; x_wconf 72' lang='lat' dir='ltr'><strong>lugens,</strong></span> <span class='ocrx_word' id='word_1_136' title='bbox 303 2759 399 2831; x_wconf 86' lang='lat' dir='ltr'><strong>atquc</strong></span> <span class='ocrx_word' id='word_1_137' title='bbox 412 2743 568 2807; x_wconf 90' lang='lat' dir='ltr'><strong>humeros</strong></span> <span class='ocrx_word' id='word_1_138' title='bbox 587 2760 747 2807; x_wconf 90' lang='lat' dir='ltr'><strong>sustentat</strong></span> <span class='ocrx_word' id='word_1_139' title='bbox 763 2760 875 2830; x_wconf 90' lang='lat' dir='ltr'><strong>petra,</strong></span> <span class='ocrx_word' id='word_1_140' title='bbox 894 2744 1059 2833; x_wconf 85' lang='lat' dir='ltr'><strong>pedesque</strong></span> <span class='ocrx_word' id='word_1_141' title='bbox 1141 2769 1180 2820; x_wconf 79' lang='lat'><strong>39⁰</strong></span> 
     </span>
     <span class='ocr_line' id='line_1_22' title="bbox 149 2856 939 2947; baseline 0.001 -24"><span class='ocrx_word' id='word_1_142' title='bbox 149 2859 349 2947; x_wconf 81' lang='lat' dir='ltr'><strong>Praepetibus</strong></span> <span class='ocrx_word' id='word_1_143' title='bbox 369 2858 523 2921; x_wconf 91' lang='lat' dir='ltr'><strong>membris</strong></span> <span class='ocrx_word' id='word_1_144' title='bbox 540 2856 799 2921; x_wconf 85' lang='lat' dir='ltr'><strong>extendebantur</strong></span> <span class='ocrx_word' id='word_1_145' title='bbox 817 2860 939 2945; x_wconf 87' lang='lat' dir='ltr'><strong>equini.</strong></span> 
     </span>
     <span class='ocr_line' id='line_1_23' title="bbox 149 2971 1113 3062; baseline 0.004 -25"><span class='ocrx_word' id='word_1_146' title='bbox 149 2975 236 3039; x_wconf 91' lang='lat' dir='ltr'><strong>Tum</strong></span> <span class='ocrx_word' id='word_1_147' title='bbox 254 2995 355 3062; x_wconf 89' lang='lat' dir='ltr'><strong>prope</strong></span> <span class='ocrx_word' id='word_1_148' title='bbox 380 2971 689 3053; x_wconf 82' lang='lat' dir='ltr'><strong>Pelides,&#39;l&#39;hetidos</strong></span> <span class='ocrx_word' id='word_1_149' title='bbox 709 2995 843 3060; x_wconf 93' lang='lat' dir='ltr'><strong>quoque</strong></span> <span class='ocrx_word' id='word_1_150' title='bbox 861 2972 963 3056; x_wconf 88' lang='lat' dir='ltr'><strong>filius,</strong></span> <span class='ocrx_word' id='word_1_151' title='bbox 985 2975 1113 3041; x_wconf 89' lang='lat' dir='ltr'><strong>adstans</strong></span> 
     </span>
     <span class='ocr_line' id='line_1_24' title="bbox 150 3086 987 3176; baseline 0 -24"><span class='ocrx_word' id='word_1_152' title='bbox 150 3088 316 3176; x_wconf 91' lang='lat' dir='ltr'><strong>lncrepuit</strong></span> <span class='ocrx_word' id='word_1_153' title='bbox 332 3087 504 3151; x_wconf 85' lang='lat' dir='ltr'><strong>citharam:</strong></span> <span class='ocrx_word' id='word_1_154' title='bbox 522 3086 626 3148; x_wconf 88' lang='lat' dir='ltr'><strong>tenuit</strong></span> <span class='ocrx_word' id='word_1_155' title='bbox 644 3108 701 3149; x_wconf 89' lang='lat' dir='ltr'><strong>sua</strong></span> <span class='ocrx_word' id='word_1_156' title='bbox 721 3086 836 3173; x_wconf 83' lang='lat' dir='ltr'><strong>gaudia</strong></span> <span class='ocrx_word' id='word_1_157' title='bbox 855 3088 987 3152; x_wconf 90' lang='lat' dir='ltr'><strong>Chiron.</strong></span> 
     </span>
     <span class='ocr_line' id='line_1_25' title="bbox 149 3198 872 3290; baseline -0.006 -22"><span class='ocrx_word' id='word_1_158' title='bbox 149 3208 209 3268; x_wconf 89' lang='lat' dir='ltr'><strong>Ast</strong></span> <span class='ocrx_word' id='word_1_159' title='bbox 222 3202 279 3267; x_wconf 90' lang='lat' dir='ltr'><strong>ubi</strong></span> <span class='ocrx_word' id='word_1_160' title='bbox 295 3202 465 3290; x_wconf 84' lang='lat' dir='ltr'><strong>proeclaros</strong></span> <span class='ocrx_word' id='word_1_161' title='bbox 480 3222 571 3287; x_wconf 85' lang='lat' dir='ltr'><strong>reges</strong></span> <span class='ocrx_word' id='word_1_162' title='bbox 585 3198 626 3261; x_wconf 87' lang='lat' dir='ltr'><strong>ad</strong></span> <span class='ocrx_word' id='word_1_163' title='bbox 644 3199 757 3261; x_wconf 90' lang='lat' dir='ltr'><strong>limina</strong></span> <span class='ocrx_word' id='word_1_164' title='bbox 774 3199 872 3280; x_wconf 86' lang='lat' dir='ltr'><strong>vidit,</strong></span> 
     </span>
     <span class='ocr_line' id='line_1_26' title="bbox 149 3312 1179 3405; baseline -0.002 -23"><span class='ocrx_word' id='word_1_165' title='bbox 149 3318 278 3405; x_wconf 86' lang='lat' dir='ltr'><strong>Excipit</strong></span> <span class='ocrx_word' id='word_1_166' title='bbox 294 3338 464 3403; x_wconf 85' lang='lat' dir='ltr'><strong>assurgens</strong></span> <span class='ocrx_word' id='word_1_167' title='bbox 481 3331 513 3379; x_wconf 91' lang='lat' dir='ltr'><strong>et</strong></span> <span class='ocrx_word' id='word_1_168' title='bbox 528 3315 619 3378; x_wconf 85' lang='lat' dir='ltr'><strong>laetus</strong></span> <span class='ocrx_word' id='word_1_169' title='bbox 640 3312 681 3377; x_wconf 89' lang='lat' dir='ltr'><strong>ad</strong></span> <span class='ocrx_word' id='word_1_170' title='bbox 698 3315 808 3378; x_wconf 90' lang='lat' dir='ltr'><strong>oscula</strong></span> <span class='ocrx_word' id='word_1_171' title='bbox 825 3338 1008 3404; x_wconf 71' lang='lat' dir='ltr'><strong>quemque,</strong></span> <span class='ocrx_word' id='word_1_172' title='bbox 1142 3349 1179 3399; x_wconf 78' lang='lat'><strong>3,5</strong></span> 
     </span>
    </p>
   </div>
   <div class='ocr_carea' id='block_1_3' title="bbox 151 3414 958 3519">
    <p class='ocr_par' dir='ltr' id='par_1_4' title="bbox 151 3414 958 3519">
     <span class='ocr_line' id='line_1_27' title="bbox 151 3414 958 3519; baseline -0.004 -22"><span class='ocrx_word' id='word_1_173' title='bbox 151 3432 232 3497; x_wconf 93' lang='lat' dir='ltr'><strong>lnde</strong></span> <span class='ocrx_word' id='word_1_174' title='bbox 251 3432 361 3519; x_wconf 90' lang='lat' dir='ltr'><strong>epulas</strong></span> <span class='ocrx_word' id='word_1_175' title='bbox 381 3430 520 3517; x_wconf 83' lang='lat' dir='ltr'><strong>profert,</strong></span> <span class='ocrx_word' id='word_1_176' title='bbox 541 3444 574 3491; x_wconf 90' lang='lat' dir='ltr'><strong>et</strong></span> <span class='ocrx_word' id='word_1_177' title='bbox 599 3428 702 3517; x_wconf 89' lang='lat' dir='ltr'><strong>plenis</strong></span> <span class='ocrx_word' id='word_1_178' title='bbox 723 3414 797 3492; x_wconf 88' lang='lat' dir='ltr'><strong>vina</strong></span> <span class='ocrx_word' id='word_1_179' title='bbox 817 3430 958 3519; x_wconf 81' lang='lat' dir='ltr'><strong>lagenis,</strong></span> 
     </span>
    </p>
   </div>
   <div class='ocr_carea' id='block_1_4' title="bbox 150 3544 1054 3751">
    <p class='ocr_par' dir='ltr' id='par_1_5' title="bbox 150 3544 1054 3751">
     <span class='ocr_line' id='line_1_28' title="bbox 151 3544 1041 3633; baseline 0 -21"><span class='ocrx_word' id='word_1_180' title='bbox 151 3549 432 3633; x_wconf 89' lang='lat' dir='ltr'><strong>Substernensque</strong></span> <span class='ocrx_word' id='word_1_181' title='bbox 448 3544 587 3609; x_wconf 87' lang='lat' dir='ltr'><strong>humiles</strong></span> <span class='ocrx_word' id='word_1_182' title='bbox 605 3546 707 3609; x_wconf 88' lang='lat' dir='ltr'><strong>multa</strong></span> <span class='ocrx_word' id='word_1_183' title='bbox 724 3544 928 3610; x_wconf 87' lang='lat' dir='ltr'><strong>discumbere</strong></span> <span class='ocrx_word' id='word_1_184' title='bbox 945 3547 1041 3625; x_wconf 87' lang='lat' dir='ltr'><strong>jussit</strong></span> 
     </span>
     <span class='ocr_line' id='line_1_29' title="bbox 150 3662 1054 3751; baseline 0.001 -24"><span class='ocrx_word' id='word_1_185' title='bbox 150 3663 281 3727; x_wconf 85' lang='lat' dir='ltr'><strong>Fronde</strong></span> <span class='ocrx_word' id='word_1_186' title='bbox 299 3678 403 3741; x_wconf 90' lang='lat' dir='ltr'><strong>tor0s;</strong></span> <span class='ocrx_word' id='word_1_187' title='bbox 420 3663 482 3723; x_wconf 86' lang='lat' dir='ltr'><strong>fert</strong></span> <span class='ocrx_word' id='word_1_188' title='bbox 499 3683 693 3747; x_wconf 86' lang='lat' dir='ltr'><strong>exsuperans</strong></span> <span class='ocrx_word' id='word_1_189' title='bbox 713 3662 879 3749; x_wconf 86' lang='lat' dir='ltr'><strong>incompta</strong></span> <span class='ocrx_word' id='word_1_190' title='bbox 893 3665 1054 3751; x_wconf 87' lang='lat' dir='ltr'><strong>paropsis..</strong></span> 
     </span>
    </p>
   </div>
   <div class='ocr_carea' id='block_1_5' title="bbox 150 3773 1177 3977">
    <p class='ocr_par' dir='ltr' id='par_1_6' title="bbox 150 3773 1177 3977">
     <span class='ocr_line' id='line_1_30' title="bbox 150 3773 1161 3864; baseline 0.001 -21"><span class='ocrx_word' id='word_1_191' title='bbox 150 3778 330 3843; x_wconf 89' lang='lat' dir='ltr'><strong>Porcorum</strong></span> <span class='ocrx_word' id='word_1_192' title='bbox 344 3792 441 3863; x_wconf 89' lang='lat' dir='ltr'><strong>atque</strong></span> <span class='ocrx_word' id='word_1_193' title='bbox 458 3775 555 3863; x_wconf 85' lang='lat' dir='ltr'><strong>agiles</strong></span> <span class='ocrx_word' id='word_1_194' title='bbox 572 3797 743 3839; x_wconf 87' lang='lat' dir='ltr'><strong>cervorum</strong></span> <span class='ocrx_word' id='word_1_195' title='bbox 761 3777 794 3840; x_wconf 91' lang='lat' dir='ltr'><strong>in</strong></span> <span class='ocrx_word' id='word_1_196' title='bbox 814 3777 949 3864; x_wconf 83' lang='lat' dir='ltr'><strong>prandia</strong></span> <span class='ocrx_word' id='word_1_197' title='bbox 967 3802 1090 3847; x_wconf 90' lang='lat' dir='ltr'><strong>carnes.</strong></span> <span class='ocrx_word' id='word_1_198' title='bbox 1158 3773 1161 3784; x_wconf 55' lang='lat'><strong>¹</strong></span> 
     </span>
     <span class='ocr_line' id='line_1_31' title="bbox 151 3888 1177 3977; baseline 0.001 -20"><span class='ocrx_word' id='word_1_199' title='bbox 151 3889 277 3957; x_wconf 90' lang='lat' dir='ltr'><strong>Deinde</strong></span> <span class='ocrx_word' id='word_1_200' title='bbox 293 3890 368 3953; x_wconf 90' lang='lat' dir='ltr'><strong>tulit</strong></span> <span class='ocrx_word' id='word_1_201' title='bbox 385 3889 489 3953; x_wconf 92' lang='lat' dir='ltr'><strong>dulcis</strong></span> <span class='ocrx_word' id='word_1_202' title='bbox 506 3888 683 3977; x_wconf 87' lang='lat' dir='ltr'><strong>gratissima</strong></span> <span class='ocrx_word' id='word_1_203' title='bbox 698 3891 815 3976; x_wconf 86' lang='lat' dir='ltr'><strong>pocula</strong></span> <span class='ocrx_word' id='word_1_204' title='bbox 832 3893 958 3957; x_wconf 89' lang='lat' dir='ltr'><strong>Bacchi.</strong></span> <span class='ocrx_word' id='word_1_205' title='bbox 1139 3922 1177 3963; x_wconf 74' lang='lat' dir='ltr'><strong>na</strong></span> 
     </span>
    </p>
   </div>
   <div class='ocr_carea' id='block_1_6' title="bbox 152 3992 1095 4199">
    <p class='ocr_par' dir='ltr' id='par_1_7' title="bbox 152 3992 1095 4199">
     <span class='ocr_line' id='line_1_32' title="bbox 153 3992 1095 4090; baseline 0.003 -21"><span class='ocrx_word' id='word_1_206' title='bbox 153 4006 264 4087; x_wconf 88' lang='lat' dir='ltr'><strong>Quum</strong></span> <span class='ocrx_word' id='word_1_207' title='bbox 282 4006 349 4085; x_wconf 89' lang='lat' dir='ltr'><strong>jam</strong></span> <span class='ocrx_word' id='word_1_208' title='bbox 367 4026 479 4067; x_wconf 83' lang='lat' dir='ltr'><strong>mensa</strong></span> <span class='ocrx_word' id='word_1_209' title='bbox 494 3992 610 4065; x_wconf 78' lang='lat' dir='ltr'><strong>hilares</strong></span> <span class='ocrx_word' id='word_1_210' title='bbox 627 4002 752 4065; x_wconf 89' lang='lat' dir='ltr'><strong>animos</strong></span> <span class='ocrx_word' id='word_1_211' title='bbox 771 4002 920 4067; x_wconf 82' lang='lat' dir='ltr'><strong>foecunda</strong></span> <span class='ocrx_word' id='word_1_212' title='bbox 935 4006 1095 4090; x_wconf 86' lang='lat' dir='ltr'><strong>dedisset,</strong></span> 
     </span>
     <span class='ocr_line' id='line_1_33' title="bbox 152 4108 1049 4199; baseline 0.003 -26"><span class='ocrx_word' id='word_1_213' title='bbox 152 4112 313 4199; x_wconf 84' lang='lat' dir='ltr'><strong>Applausu</strong></span> <span class='ocrx_word' id='word_1_214' title='bbox 330 4124 496 4197; x_wconf 89' lang='lat' dir='ltr'><strong>strepuere</strong></span> <span class='ocrx_word' id='word_1_215' title='bbox 513 4129 647 4187; x_wconf 89' lang='lat' dir='ltr'><strong>mauus;</strong></span> <span class='ocrx_word' id='word_1_216' title='bbox 665 4129 723 4169; x_wconf 88' lang='lat' dir='ltr'><strong>me</strong></span> <span class='ocrx_word' id='word_1_217' title='bbox 736 4130 877 4195; x_wconf 88' lang='lat' dir='ltr'><strong>namque</strong></span> <span class='ocrx_word' id='word_1_218' title='bbox 890 4108 1049 4187; x_wconf 90' lang='lat' dir='ltr'><strong>jubebant</strong></span> 
     </span>
    </p>
   </div>
   <div class='ocr_carea' id='block_1_7' title="bbox 1003 4249 1052 4309">
    <p class='ocr_par' dir='ltr' id='par_1_8' title="bbox 1003 4249 1052 4309">
     <span class='ocr_line' id='line_1_34' title="bbox 1003 4249 1052 4309; baseline 0.082 -22"><span class='ocrx_word' id='word_1_219' title='bbox 1003 4249 1052 4309; x_wconf 77' lang='lat'><strong>19.</strong></span> 
     </span>
    </p>
   </div>
   <div class='ocr_carea' id='block_1_8' title="bbox 0 0 1440 4975">
    <p class='ocr_par' dir='ltr' id='par_1_9' title="bbox 0 0 1440 4975">
     <span class='ocr_line' id='line_1_35' title="bbox 0 0 1440 4975; baseline 0 0"><span class='ocrx_word' id='word_1_220' title='bbox 0 0 1440 4975; x_wconf 95' lang='lat' dir='ltr'><strong> </strong></span> 
     </span>
    </p>
   </div>
  </div>
 </body>
</html>
