2859 4975
266 239 273 266 i

260 447 322 534 372
644 445 943 510 caratoous

382 589 573 656 Taenareusque
588 581 756 635 CELEBRIS
773 581 1016 642 renumerandis
1030 582 1142 635 vertices

385 673 520 746 Linquens
531 673 657 724 Aulonas.

260 816 303 878 Et
320 815 405 876 hanc
420 813 602 876 versionem
623 813 758 876 retinuit
777 812 1071 877 Escchenbachius.
1089 813 1239 900 [Gesner.
1256 837 1334 877 vero

260 920 376 982 instra
401 919 665 1005 interpretatione
690 919 897 981 Toertariensis
916 919 1082 1005 Euphemu
1116 935 1205 983 recte
1233 919 1334 983 dedit.

261 1023 378 1110 Hiran]
403 1023 584 1087 Pradierius
607 1024 718 1086 omisit
733 1039 838 1086 totum
858 1035 886 1086 τὸ
901 1035 1024 1104 Εὔφημος·
1041 941 1169 1088 etisinc
1187 1026 1255 1106 jam
1274 1049 1335 1088 no·

259 1151 338 1190 vum
354 1128 448 1190 nobis
466 1128 685 1216 Argonautam
706 1127 918 1213 protulerunt
937 1128 1090 1191 Toeuaren
1113 1128 1258 1209 dictum,
1276 1131 1335 1216 qui

261 1233 406 1322 epitheto
421 1217 541 1312 εὐφήμου,
556 1231 590 1294 id
607 1249 671 1313 est,
686 1231 836 1312 celebris,
861 1248 995 1295 ornatus
1012 1234 1054 1296 ab
1071 1233 1205 1320 Orpheo
1227 1252 1331 1298 esset:

260 1342 337 1403 hinc
359 1337 493 1400 Carrion
520 1338 720 1416 Graecarum,
742 1352 780 1399 ut
801 1335 960 1418 vidimus,
987 1339 1154 1402 literarum
1174 1338 1284 1421 rudis,
1301 1341 1335 1402 in

259 1445 447 1532 Gatalogum
462 1465 557 1506 suum
572 1465 611 1506 ex
623 1444 757 1528 Orpheo
776 1442 976 1506 Taenarieum
989 1445 1116 1525 retulit,
1133 1467 1234 1532 quem
1250 1446 1335 1508 infe-

259 1552 304 1614 lix
319 1549 456 1614 Alardus
476 1550 509 1610 in
533 1572 591 1612 sua
614 1548 758 1612 editione
777 1549 979 1613 Toenaricum
1000 1551 1100 1630 jussit,
1122 1553 1241 1615 vocari.
1266 1553 1336 1616 Cri·

259 1657 363 1720 bellus
376 1655 500 1718 veroin
517 1653 665 1717 versione
680 1655 812 1717 metrica
826 1670 933 1718 totum
943 1655 1101 1742 Euphemi
1112 1678 1234 1721 nomen
1251 1659 1335 1721 omi·

257 1759 314 1838 sit,
331 1773 368 1820 ut
384 1773 416 1819 et
428 1754 629 1818 Pradicrium
646 1755 759 1817 fecisse
770 1755 922 1819 diximus.
939 1756 1113 1845 Egregium
1126 1773 1213 1820 certe
1228 1779 1335 1820 exem-

256 1866 364 1951 plum,
389 1885 428 1925 ex
453 1885 520 1948 quo
544 1859 666 1924 discere
691 1885 806 1924 omnes
832 1880 1008 1949 poterunt,
1036 1864 1150 1949 quanti
1174 1863 1336 1928 habendae

257 1970 322 2032 sint
353 1967 534 2047 versiones,
563 1967 660 2030 etiam
689 1965 953 2030 doctissimorum
979 1969 1143 2048 virorum,
1174 1985 1206 2033 et
1235 1993 1336 2056 quam

256 2073 395 2160 turpiter
416 2090 544 2151 errent,
577 2073 634 2158 qui
663 2072 731 2135 illas
755 2073 925 2136 consulere
954 2095 1082 2161 semper
1108 2073 1225 2137 solent.
1257 2075 1336 2156 Quo

254 2202 332 2244 vero
349 2179 486 2242 maxime
504 2177 683 2241 celebratus
701 2195 750 2240 est
766 2176 821 2240 hic
839 2179 1045 2265 Euphemus,
1060 2190 1137 2253 βῶλος
1154 2179 1226 2261 ille,
1241 2181 1336 2268 gleba

256 2286 335 2365 fuit,
359 2306 457 2371 quam
482 2284 517 2345 in
546 2307 633 2346 mare
657 2283 750 2364 jecit,
769 2300 808 2346 ‘et
832 2283 922 2347 unde
950 2301 1024 2347 nata
1050 2285 1153 2348 insula
1182 2286 1335 2366 Calliste,

254 2406 366 2478 postea
382 2389 487 2452 Thera
505 2388 608 2468 dicta,
621 2387 719 2476 =qu0d
736 2390 769 2451 in
788 2389 867 2452 loeis
890 2412 929 2452 ex
950 2390 1127 2454 Scholiastc
1148 2390 1282 2453 Pindari
1305 2408 1337 2455 et

254 2498 370 2561 Tzetze
386 2496 520 2559 laudatis
535 2494 683 2576 refertur,
702 2510 735 2557 et
746 2496 787 2558 ab
799 2496 990 2583 Apollonio,
1002 2498 1058 2578 IV,
1079 2495 1162 2559 1562
1177 2513 1208 2560 et
1229 2499 1332 2584 1755,

254 2602 311 2665 ubi
340 2600 468 2664 videet
492 2601 657 2665 Scholiast.
683 2602 842 2664 Praeterea
868 2600 989 2665 dicitur
1015 2604 1159 2691 potuisse
1189 2602 1333 2690 pedibus

254 2730 341 2770 mare
358 2708 400 2769 ita
415 2730 590 2794 permeare,
600 2692 643 2770 'ac
659 2706 686 2769 si
703 2730 762 2793 per
776 2724 895 2770 terram
912 2707 975 2771 iter
991 2708 1109 2772 faceret
1125 2708 1230 2796 (quod
1245 2706 1334 2771 idem

255 2814 295 2877 de
319 2812 442 2877 Orione
469 2813 658 2899 narratur),
688 2809 779 2899 quod
806 2814 943 2901 explicat
961 2816 1068 2879 Taetz.
1096 2814 1178 2877 Chit.
1201 2814 1256 2894 11,
1279 2818 1334 2891 41,

255 2918 345 3007 quod
361 2918 733 3007 fuerintgubernatores
750 2920 973 3000 celeberrimi,
990 2920 1048 3009 qui
1066 2942 1235 3007 nunquam
1250 2922 1333 2983 mari

254 3028 411 3096 damnum
431 3042 487 3089 aut
506 3024 711 3114 naufragium
729 3027 898 3091 fecerunt:
921 3052 996 3091 nam
1014 3044 1124 3091 noster
1141 3028 1334 3115 Euphemus

251 3110 360 3215 ἱπςρωριὺς
380 3132 470 3195 navis
489 3132 566 3220 Argi
585 3132 681 3195 etiam
703 3132 823 3197 dicitur
844 3134 951 3198 Schol.
970 3133 1119 3215 Pindari,
1147 3134 1169 3196 l.
1187 3134 1207 3195 l.
1225 3157 1271 3197 vs.
1291 3134 1335 3197 36

253 3253 287 3300 ct
302 3240 363 3318 613
388 3254 420 3299 et
444 3236 533 3325 apud
550 3238 703 3323 Apollon.
725 3238 781 3301 lib.
802 3241 854 3320 11,
873 3239 1064 3325 Euphemus
1084 3237 1272 3301 columbam
1291 3238 1334 3301 de

253 3366 349 3433 prora
362 3343 511 3422 dimittit,
536 3360 573 3406 ut
592 3346 653 3407 iter
673 3367 731 3431 per
754 3344 982 3432 Symplegadas
1001 3344 1150 3431 aperiret.
1167 3344 1333 3431 Euphemi

252 3452 349 3515 etiam
364 3452 397 3513 in
413 3450 499 3515 ludis
514 3450 608 3515 Peliae
622 3451 773 3515 meminit
791 3452 986 3533 Pausanias,
1003 3452 1060 3515 lib.
1075 3453 1186 3536 V,.17,
1203 3467 1237 3515 et
1254 3452 1334 3515 dicit

252 3558 402 3633 comitem
418 3557 543 3621 Jasonis
559 3558 667 3621 fuisse.
679 3558 728 3620 Ex
744 3541 808 3620 hoc
823 3558 908 3621 forte
922 3555 1126 3621 descendisse
1133 3557 1333 3645 Euphemiam

250 3664 411 3751 suspicor,
429 3665 520 3743 cujus
539 3664 663 3727 mentio
682 3662 719 3727 fit
737 3662 826 3752 apud
842 3664 949 3728 Schol.
962 3663 1056 3727 Pind.
1074 3663 1170 3751 Pyth.
1188 3663 1251 3728 od.
1265 3664 1332 3741 IX,

255 3767 333 3850 185,
351 3770 408 3831 ubi
429 3768 470 3831 de
493 3770 599 3832 Antaei
623 3770 705 3839 urbe
729 3771 832 3833 Irassa
855 3772 938 3857 agit3
955 3792 1052 3857 quem
1071 3768 1237 3832 diversum
1262 3791 1333 3831 esse

250 3876 291 3938 ab
307 3878 436 3957 Antaeo,
448 3876 488 3938 ab
503 3867 648 3939 Hercule
655 3877 759 3956 victo,
773 3876 831 3940 scd
845 3877 982 3941 alterum
996 3876 1041 3939 ait
1055 3898 1140 3956 esse,
1157 3879 1333 3961 ᾧσυγήκμασε
1413 3943 1414 3954 χ

249 3990 375 4060 Εὔφημος,
392 3982 451 4041 nisi
470 3990 586 4057 ἀπόγονοι
602 3990 750 4060 μετῴκησαν
767 3992 800 4051 εἰς
814 3991 934 4061 Κυρήνην.
958 3980 1121 4069 Euphemi
1143 3980 1239 4042 etiarn
1262 4001 1334 4040 me·
1413 3985 1414 4038 J

249 4085 386 4147 moriam
404 4086 605 4147 consecravit
622 4086 661 4147 cl.
679 4086 890 4170 Gronovius,
914 4103 947 4149 et
967 4086 1110 4149 thesauri
1128 4086 1224 4174 graeci
1247 4084 1333 4171 parti

244 4194 371 4279 primae,
388 4190 443 4255 fol.
458 4188 509 4277 Gg
539 4238 549 4270 ,
566 4190 703 4254 inseruit
718 4216 726 4273 3
746 4214 807 4255 nec
822 4193 952 4256 monuit
968 4192 1056 4256 unde
1071 4190 1141 4270 ejus
1155 4190 1330 4279 imaginem
