2859 4975
705 217 722 245 f

306 464 368 550 196

608 457 644 520 C.
668 451 867 518 VALERll
897 447 1069 512 FLAGCI
1130 447 1133 452 ’

345 594 492 682 Abrupta
511 590 678 654 revolutus
696 609 797 674 aqua3
815 584 947 670 jamque
964 580 1071 643 omnis
1085 578 1121 641 in
1137 594 1221 641 astra

1335 594 1368 633 tte

346 713 441 797 Itque
460 705 609 792 reditque
626 704 718 783 ratis,
738 702 895 788 lapsoque
911 697 1076 783 reciproca
1094 693 1195 757 lluetu

346 821 539 892 Descendit:
561 834 654 884 vorat
670 817 733 880 hos
746 830 876 894 vortex,
894 813 955 874 hos
970 809 1099 899 agmine
1115 824 1186 871 toto

350 941 477 1030 Gurges
496 936 579 1027 agit,
602 934 700 999 simul
717 933 752 995 iu
768 931 878 995 vultus
894 929 992 992 micat
1008 925 1155 1012 undique
1170 942 1293 1003 terror3

345 1055 464 1119 Crebra
482 1051 577 1116 ruina
594 1048 661 1137 poli
678 1045 814 1111 caelestia
829 1043 942 1140 limina
957 1043 1051 1105 laxat.

348 1173 423 1236 Non
443 1185 552 1231 tamen
573 1163 717 1228 ardentis
733 1161 808 1224 Stiri
825 1157 979 1221 violentia
995 1155 1100 1235 cedit;

345 1288 511 1350 Hortatur
527 1279 633 1344 socios
652 1274 758 1340 media
774 1274 859 1337 inter
875 1272 983 1360 praelia
998 1270 1136 1335 Divum:

351 1435 363 1458 ιι
375 1399 564 1464 Transferet
581 1417 659 1483 ergo
676 1414 780 1470 meas,
797 1390 831 1453 in
849 1412 921 1476 quse
938 1387 1043 1467 volet,
1065 1386 1184 1476 oppida
1201 1385 1295 1450 dotes

348 1514 496 1581 Colchis!
519 1526 551 1575 et
567 1507 758 1572 Haemonius
779 1504 874 1567 nobis
893 1501 1045 1566 succedet
1065 1500 1206 1564 adulter!

306 1709 311 1715 ι
348 1634 417 1701 Nec
434 1629 516 1694 mihi
534 1642 583 1691 tot
598 1644 734 1712 magnos
752 1621 839 1684 inter
854 1640 1015 1707 regesque
1032 1639 1216 1705 procosque

348 1744 515 1812 Profuerit
532 1762 635 1829 prona
652 1735 744 1800 baud
763 1735 855 1799 dubii
873 1733 1033 1797 sententia
1048 1732 1164 1820 patris!

1339 1754 1372 1797 Sto
1410 1814 1412 1885 4

336 1933 389 1980 332.
406 1932 479 1978 Varat
498 1925 540 1970 boe
557 1931 646 1968 vertex.
662 1919 740 1966 vatic.
757 1928 781 1964 et
801 1919 892 1963 Bonon.
912 1916 983 1963 codd.
1003 1918 1093 1962 Boron.
1110 1917 1130 1962 l.
1146 1916 1222 1960 Tradit
1239 1915 1280 1960 lros
1292 1926 1374 1962 vertex·
1411 1892 1412 1915 i

309 2018 374 2060 lunt.
387 2012 474 2057 Moser.
489 2003 565 2052 Trahit
580 2003 621 2048 lros
632 2011 724 2046 vortex.
744 1997 797 2043 ald.
817 1999 880 2057 Lege
894 2006 964 2042 vorat
981 1995 1023 2044 laos
1039 2006 1125 2041 vortex
1136 2011 1192 2041 cum
1203 1997 1295 2041 Bouon.
1306 1995 1340 2047 ll.
1355 2005 1375 2040 et

311 2095 344 2139 sic
361 2089 451 2136 Harles.
468 2082 594 2148 (quamvis
611 2080 694 2126 vitiose
713 2087 784 2122 vocat
799 2091 935 2137 expressum
951 2073 1036 2137 tuerit)
1050 2074 1144 2136 Bipont.
1155 2077 1269 2135 Wagner.
1281 2062 1314 2108 ’-
1328 2075 1375 2127 334.

312 2170 422 2216 'Lumina
432 2164 509 2211 Vatic.
519 2165 610 2208 Boron.
623 2157 694 2204 codd.
705 2167 730 2201 et
739 2155 794 2201 edd.
804 2164 860 2200 ante
870 2155 950 2199 Burm.
960 2179 991 2188 -
1000 2154 1054 2213 337.
1065 2153 1201 2213 Trartsferet.
1211 2153 1289 2198 codd.
1299 2162 1321 2198 et
1328 2152 1375 2197 edd,

312 2260 367 2296 ante
376 2250 456 2293 Burm.
465 2258 509 2289 nee
525 2241 592 2287 aliter
603 2235 743 2298 legendum,
760 2233 866 2294 quamvis
878 2231 1005 2294 transferat
1015 2232 1040 2278 in
1051 2241 1153 2293 posterr.
1163 2231 1219 2278 edd,
1230 2232 1326 2279 haeserit.
1337 2233 1374 2276 lin.

311 2405 371 2477 obit,
390 2409 537 2480 contingit,
559 2417 589 2457 ut
603 2421 686 2474 prope
697 2398 806 2456 accedat
818 2416 826 2461 ;

310 2478 829 2553 sedmoxdiscedentibnsutrimquessu-

311 2578 413 2641 eribus,
426 2574 452 2625 in
466 2571 623 2622 immensam
638 2573 697 2616 ante
712 2580 740 2613 se
754 2579 829 2632 aper-

313 2672 367 2711 tam
380 2649 533 2723 voraginem
548 2644 679 2717 dejectus,
692 2640 778 2711 agitur
791 2658 832 2691 re·

313 2753 365 2803 tr03
373 2738 478 2805 jamque
488 2726 566 2778 omnis
580 2726 605 2774 in
617 2736 686 2772 astra
697 2719 831 2790 (solemnis

314 2816 397 2891 poetis
408 2803 571 2883 hyperbole)
584 2804 650 2871 itque
661 2802 771 2866 reditque
782 2796 831 2849 ali·

314 2894 418 2968 quoties
437 2887 512 2943 ratis,
531 2886 662 2949 lapsoque,
680 2874 831 2940 desidente,

308 2981 389 3048 fluctu
411 2969 551 3033 reciproca,
568 2975 680 3019 rursus,
699 2957 832 3006 descendit

353 3053 414 3107 332.
426 3052 450 3097 V
448 3057 505 3096 orat
515 3038 639 3111 (graviter
648 3036 770 3105 dictum),
781 3034 833 3086 avi-

317 3136 351 3187 de
368 3125 480 3199 abripit,
496 3124 540 3172 lros
555 3132 660 3177 vortex,
676 3118 721 3166 lios
735 3117 833 3183 agmine

317 3226 462 3284 aquarum,
485 3200 633 3261 fluctuum,
658 3209 708 3246 toto
726 3214 832 3263 gurges,

319 3310 422 3365 sequor,
432 3304 480 3359 per
495 3279 661 3353 superficiem
672 3280 739 3347 agit,
756 3274 832 3346 rapit.

356 3372 415 3433 334.
435 3367 523 3418 Crebra
546 3364 618 3412 ruina
637 3356 755 3427 pol'(sic
778 3357 835 3405 eceli

320 3456 404 3509 ruina,
420 3442 511 3512 Virgil.
529 3442 589 3492 AEn.
612 3438 635 3497 Ι,
659 3454 707 3503 1²9
719 3438 741 3503 )‚
762 3432 832 3485 toni-

297 3590 299 3596 y
319 3546 408 3584 truum
425 3526 514 3595 fragor
532 3530 558 3571 et
578 3515 708 3576 fulmina,
729 3516 835 3563 colestia

320 3613 406 3664 limina
421 3610 502 3662 laxat,
524 3596 646 3669 aperiunt
669 3592 779 3654 caelum3
798 3590 834 3642 ita

320 3689 460 3742 debiscunt
472 3681 571 3739 nubes,
589 3685 618 3725 ut
635 3673 691 3744 ipse
704 3670 835 3742 Olympus

322 3765 437 3837 conspici
454 3759 581 3813 videatur.
593 3752 708 3817 Similem
721 3790 729 3814 ‚
744 3767 836 3820 quam-

321 3865 401 3920 quam
422 3836 596 3897 contrariam,
607 3829 775 3903 hyperbolen
793 3827 835 3878 ba·

320 3930 364 3987 bet
378 3920 505 3980 Ovidius,
523 3910 632 3966 Metam.
650 3910 689 3971 11,
708 3912 770 3968 260,
789 3907 834 3957 nbi

322 4007 355 4058 dc
378 3996 515 4054 temeraria
538 3988 709 4043 Phaethontis
729 3988 835 4058 auriga-

322 4088 392 4138 tione
400 4096 487 4133 sermo
497 4085 548 4127 est:
558 4071 652 4121 Dissilit
661 4088 734 4119 omne
742 4072 832 4125 solnm,

317 4174 479 4237 penetratque
493 4157 518 4204 in
531 4157 635 4223 Tartara
648 4150 714 4199 rimis
729 4152 835 4204 Lumen,

321 4260 344 4297 ct
358 4244 479 4311 infernum
490 4246 560 4285 terret
567 4249 621 4279 cum
632 4230 736 4294 conjuge
746 4244 833 4293 regem.

909 2398 968 2452 335.
979 2403 1098 2452 Ardentis
1112 2411 1139 2452 et
1155 2399 1192 2452 ira
1207 2412 1234 2452 et
1247 2417 1369 2452 amore..-

873 2481 973 2540 Dirum,
982 2492 1133 2533 ventorum.

910 2558 970 2627 337.
980 2559 1046 2623 Quae
1063 2570 1222 2631 sequuntur,
1240 2559 1323 2611 multa
1338 2558 1377 2608 ba-

874 2638 938 2689 bent
948 2636 1091 2709 praeclara,
1102 2650 1127 2690 et
1133 2639 1225 2710 juveni
1236 2655 1377 2691 accommo-
1412 2675 1413 2700 ,

875 2714 935 2767 data
949 2716 1050 2769 amanti
1061 2758 1068 2782 ,
1076 2715 1260 2790 jactabundo,
1270 2715 1377 2780 irat03in
1412 2707 1413 2776 l

875 2815 908 2849 eo
923 2807 1011 2849 tamen
1027 2815 1150 2868 peccasse
1170 2795 1277 2849 videtur
1295 2807 1377 2867 poeta,
1412 2783 1413 2852 l

875 2873 949 2946 quod
963 2875 992 2926 in
1010 2874 1065 2946 ipsa
1079 2886 1234 2947 tempestate
1246 2876 1285 2927 ita
1297 2875 1378 2928 verbo·
1412 2857 1413 2926 i

876 2974 936 3007 sum
949 2954 1057 3007 inducat
1073 2954 1186 3020 Stirum,
1203 2968 1233 3007 ut
1252 2975 1334 3027 prope
1346 2953 1377 3004 vi-

877 3034 945 3106 ginti
958 3034 1095 3087 versiculis
1108 3033 1191 3085 animi
1203 3051 1280 3087 sensa
1299 3051 1380 3103 expro-

876 3127 940 3166 mat.
952 3115 1095 3183 Transferat
1100 3133 1157 3181 ergo
1168 3117 1278 3174 Colchis,
1286 3112 1380 3171 Medea,

878 3213 945 3244 meas
955 3196 1024 3243 dotes
1032 3192 1115 3263 (proci
1123 3193 1193 3243 enim
1204 3192 1312 3244 heroica
1318 3203 1381 3264 etate

878 3271 955 3324 donis
975 3271 1091 3341 primum
1113 3271 1163 3322 sibi
1182 3269 1217 3322 ad
1232 3270 1348 3343 virgines
1362 3279 1383 3319 et

878 3363 1000 3421 parentes
1019 3348 1123 3402 aditum
1144 3349 1284 3402 faciebant.
1298 3350 1345 3402 Vir
1356 3347 1382 3399 cl.

878 3436 954 3491 Lena,
963 3434 1050 3482 Gesclr.
1058 3434 1104 3481 der·
1111 3434 1144 3482 W
1141 3431 1206 3480 eiber
1212 3431 1244 3479 im
1251 3433 1382 3480 hercisclerr

879 3512 1003 3571 Zeitalter,
1023 3531 1043 3561 s.
1063 3511 1143 3577 163),
1159 3520 1185 3561 et
1203 3528 1230 3561 se
1250 3510 1349 3580 ipsam,
1363 3517 1384 3558 et

878 3588 941 3641 data
951 3589 1014 3641 olim
1026 3588 1097 3640 dona
1104 3589 1198 3641 avehat
1208 3627 1215 3651 ‚
1225 3605 1385 3659 quocumque

880 3668 977 3721 libeat!
988 3683 1013 3719 et
1028 3667 1168 3719 Hemoniae
1183 3668 1384 3740 (contemptim,

880 3749 920 3799 uti
943 3767 1037 3819 supra,
1057 3768 1081 3798 v.
1105 3749 1260 3816 283)rrobis
1282 3750 1386 3798 succedet

880 3831 985 3887 adrrlter,
1003 3837 1094 3897 raptor
1106 3825 1197 3877 atienae
1209 3824 1346 3898 conjugis!

916 3904 977 3974 339.
987 3911 1040 3956 Nee
1058 3909 1117 3957 milri
1128 3906 1261 3975 profiterit,
1274 3909 1337 3956 inter
1347 3918 1385 3963 tot,

880 4004 978 4056 eosque
995 4006 1102 4054 magnos
1114 4007 1232 4055 regesque
1239 4005 1383 4054 pmcosqlles

879 4084 975 4137 procos
983 4065 1072 4133 regios
1082 4106 1090 4131 ,
1096 4085 1181 4133 prona
1192 4070 1264 4116 haud
1272 4068 1336 4116 dubii
1342 4084 1387 4114 ser·

880 4146 956 4195 tentia
966 4147 1057 4212 patris,
1066 4145 1128 4215 qui,
1142 4156 1171 4196 ut
1185 4146 1301 4215 primum
1314 4144 1385 4215 petii.

880 4221 966 4274 statim
991 4241 1050 4275 eum
1071 4222 1187 4288 addixit,
1207 4222 1385 4295 desponsavit!
