2859 4975
407 357 845 466 lneovsursnnn.
1095 403 1158 490 357

97 519 236 602 tradere,
250 521 329 584 alios
342 544 420 584 vero
436 521 519 584 circa
530 521 658 584 Tenum
673 522 811 587 insulam
820 525 861 587 ab
872 526 1011 590 Hercule
1019 527 1160 607 occisos,

98 644 203 690 narrat
217 624 432 713 Apollodorus
457 627 479 689 l.
496 627 517 690 l.
535 628 684 715 Hyginus
701 630 772 693 telis
785 630 827 693 ab
839 631 978 695 Hercule
991 634 1157 696 conlectos
1185 628 1192 635 ’

98 733 211 796 refert:
224 755 290 818 quo
307 732 436 819 respicit
451 732 564 796 Senec.
581 731 668 797 Med.
685 734 769 811 634:

289 867 384 919 Stravit
397 865 501 919 Alcides
516 851 647 937 Aquilone
659 878 745 921 natos.
817 879 823 888 ⁴

98 990 158 1052 Ubi
174 988 249 1052 vide
266 977 421 1054 Delriumss
435 987 626 1053 Condidisse
644 989 759 1054 Calain
773 991 878 1070 Cales,
893 993 1008 1075 urbem
1023 994 1055 1054 in
1072 996 1163 1056 Cain·

97 1088 206 1182 pania,
216 1111 329 1158 auctor
338 1112 387 1158 est
399 1095 494 1159 Silius
503 1097 572 1158 Ital.
582 1096 658 1158 VIII
667 1143 676 1177 ,
686 1095 748 1173 514
758 1145 767 1173 ,
777 1120 874 1182 quani
887 1115 920 1161 et
930 1099 985 1168 lib.
1001 1087 1074 1178 XII,
1087 1097 1162 1180 525,

99 1203 275 1265 Threiciam
288 1201 385 1266 Calan
401 1201 476 1264 ideo
497 1217 609 1281 vocat3
626 1201 682 1264 sed
701 1203 830 1266 Cluver.
845 1204 914 1266 Ital.
928 1204 1037 1290 Antiq.
1047 1205 1105 1284 IV,
1123 1206 1161 1285 6,

98 1323 226 1393 poetam
242 1329 281 1369 ex
298 1305 509 1369 similitudine
520 1306 754 1389 vocabulorum
769 1307 803 1369 id
817 1306 948 1370 finxisse
962 1325 1089 1391 censet,
1104 1334 1162 1372 cu·

98 1413 146 1490 jus
168 1411 337 1476 sententiae
360 1411 484 1475 accedit
502 1411 695 1480 eruditionis
714 1436 850 1476 summae
866 1413 915 1474 vir
931 1414 1086 1477 Camillus
1103 1415 1163 1478 Pe·

98 1520 264 1606 regrinus,
278 1517 405 1581 dissert.
420 1519 451 1580 ΙΙ
462 1516 503 1581 de
516 1519 692 1605 Campania
701 1519 806 1582 Felice
815 1542 901 1607 ,pag.
913 1519 995 1600 3163
1008 1519 1163 1584 sedidem

98 1627 144 1687 vir
168 1647 317 1688 summus
341 1647 408 1689 non
435 1625 621 1688 observasse
646 1613 830 1690 Cluverium
857 1643 966 1706 notat,
986 1626 1100 1689 Silium
1123 1627 1164 1691 de

102 1731 166 1808 ejus
188 1731 255 1794 situ
279 1729 438 1794 contraria
456 1729 589 1794 dixisse:
606 1753 709 1817 quum
727 1731 814 1793 enim
832 1731 887 1794 lib.
903 1733 968 1794 ΧΠ
984 1749 1070 1795 reete
1093 1756 1164 1795 eam

101 1837 181 1898 inter
197 1839 376 1922 Campanas
390 1835 551 1916 retulerit,
561 1835 616 1898 lib.
629 1836 707 1898 VllI
722 1859 792 1898 eam
808 1837 943 1899 collocat
960 1837 994 1898 in
1011 1837 1162 1924 Peliguis.

100 1941 191 2004 Unde
204 1964 284 2004 vero
296 1939 402 2010 editor
413 1942 646 2004 numismatum
659 1941 862 2030 egregiorum
875 1966 913 2004 ex
923 1941 1040 2004 Museo
1055 1943 1165 2005 Iacobi

100 2050 136 2110 cle
154 2047 263 2110 Wilde
285 2047 463 2128 resciverit,
480 2061 576 2134 caput
598 2047 726 2130 juvenIs
748 2047 822 2110 alati
845 2049 878 2109 in
906 2071 1042 2110 nummo
1067 2050 1166 2111 Amisi

101 2154 188 2226 urbis
208 2152 340 2217 Galatiae
358 2175 426 2216 esse
450 2153 567 2234 Calais,
584 2153 705 2233 nescio;
722 2170 755 2217 et
768 2154 883 2216 vellem
910 2154 1004 2217 nobis
1021 2155 1070 2217 vel
1089 2155 1167 2216 uni-

102 2283 173 2322 cum
196 2259 420 2324 testimonium
435 2259 551 2322 veteris
576 2259 741 2346 scriptoris
762 2260 966 2346 protulisset,
981 2283 1048 2345 quo
1066 2262 1169 2347 suspi-

102 2365 225 2428 cionem
252 2363 295 2427 de
321 2363 424 2443 Calai,
440 2363 609 2426 conditore
631 2363 751 2444 Amisi,
767 2362 942 2428 firmasset:
959 2364 1047 2428 unde
1070 2365 1166 2428 etiam

105 2471 191 2534 Cales
204 2469 340 2550 urbem,
354 2467 394 2534 de
411 2492 479 2556 quo
498 2469 597 2533 modo
609 2468 766 2551 vidimus,
782 2469 941 2534 Calest'um
957 2486 1101 2533 vocatam
1118 2469 1167 2533 di-

104 2576 231 2681 dicerit,
246 2576 360 2639 vellem
381 2574 775 2662 indicasset3persuasum
799 2592 908 2639 tamen
934 2576 1029 2638 etiam
1047 2576 1086 2639 cl.
1102 2578 1166 2640 Iac.

104 2682 285 2762 Gronovi0,
303 2698 399 2768 eaput
426 2681 459 2742 in
488 2704 625 2743 nummo
647 2681 764 2762 Amisi,
780 2705 851 2745 esse
874 2680 994 2761 Calais,
1011 2680 1106 2745 video
1128 2704 1168 2744 ex

105 2802 191 2851 torno
205 2789 221 2851 Ι
235 2786 393 2853 Thesauri
407 2792 482 2849 Ant.
500 2786 601 2850 Gneo.
618 2786 652 2848 in
662 2809 769 2874 ¹quem
787 2811 863 2851 eum
881 2788 1020 2851 contulit
1030 2812 1039 2867 ;
1049 2786 1112 2870 sed
1127 2788 1169 2852 de

105 2892 182 2956 urbe
195 2893 307 2957 Amiso
321 2892 487 2955 mentione
502 2893 590 2955 nulla
606 2894 687 2956 l'acta
698 2918 707 2975 ;
719 2893 811 2980 quod
828 2910 934 2956 tamen
951 2894 1169 2982 oportuitlix

106 3000 232 3087 Hygino
246 3014 390 3080 tantum,
404 2999 467 3061 Iob.
481 2998 544 3084 273
558 2998 638 3084 (non
658 2999 746 3085 237),
755 3015 927 3082 memorat,
942 3000 1053 3063 Calain
1068 3001 1102 3062 in
1120 2999 1169 3061 lu-

107 3102 168 3185 dis,
186 3128 271 3191 quos
292 3106 428 3167 Acastus
449 3104 541 3184 fecit,
556 3104 698 3191 Argivis,
710 3104 824 3169 vicisse
846 3104 976 3185 diaulo;
994 3104 1170 3191 dequibus

108 3207 188 3273 ludis
210 3210 244 3272 in
255 3212 373 3273 Acasto
387 3210 526 3297 egimus.
537 3209 569 3272 Si
587 3209 625 3271 iis
639 3232 717 3272 vero
734 3209 836 3272 Calai's
858 3226 891 3271 et
912 3212 1005 3271 Zetes
1017 3205 1170 3287 vicerint,

109 3314 212 3377 vixere
241 3332 328 3378 certe
358 3330 433 3402 post
460 3312 699 3402 expeditionem
725 3314 999 3401 Argonauticam3
1019 3310 1077 3374 sed
1104 3335 1171 3399 quo

108 3434 250 3507 tempore
273 3421 314 3482 ab
337 3420 475 3483 Hercule
497 3420 669 3507 perierint,
697 3418 817 3481 nescio.
841 3418 927 3480 Dion
949 3417 1115 3503 Chrysost.
1135 3418 1169 3478 in

109 3525 325 3606 Corinthiaca,
339 3547 371 3611 p.
389 3524 470 3606 458,
486 3548 582 3611 quem
595 3524 715 3588 iudicio
729 3524 767 3587 cl.
785 3522 941 3587 Gronovii
955 3521 1063 3584 locum
1079 3520 1174 3585 debe·

110 3652 196 3713 mus,
211 3630 274 3694 hoc
299 3647 459 3694 certamen
486 3654 504 3692 a
529 3631 684 3717 Neptuno
709 3646 742 3692 et
764 3628 837 3692 Sole
859 3645 1046 3698 institutum
1063 3627 1121 3708 ait,
1138 3629 1173 3689 in

111 3758 173 3819 quo
188 3753 220 3799 et
230 3737 318 3825 Argo
331 3734 419 3799 navis
430 3735 524 3815 vicit,
539 3758 610 3821 quae
623 3751 733 3822 postea
744 3759 762 3797 a
772 3736 888 3799 Iasone
899 3739 961 3798 luit
974 3749 1173 3814 consecrata,

111 3841 164 3904 ubi
181 3844 215 3904 in
233 3844 357 3907 lsthtno
374 3858 554 3923 certamen,
569 3864 635 3904 non
651 3842 741 3931 Argis
756 3842 854 3905 brisso
868 3845 1077 3905 commissum
1094 3839 1175 3902 dici-

112 3962 172 4026 tur,
189 3964 221 4011 et
237 3948 334 4029 nulli,
347 3948 407 4010 uisi
417 3948 626 4035 Argonautae,
639 3963 777 4010 certasse
788 3971 797 4027 3
808 3970 875 4009 non
892 3946 960 4026 alii,
970 3968 1053 4033 quos
1072 3944 1174 4032 Hygi-

113 4074 170 4114 nus
186 4052 349 4117 admiscet.
369 4055 528 4116 Caeterum
542 4052 658 4115 Calaiu
672 4068 705 4115 et
719 4054 819 4116 Zeten
831 4076 915 4139 saepe
927 4078 946 4115 a
963 4049 1174 4137 scriptoribus

114 4159 262 4221 confusos
285 4181 361 4223 curn
384 4157 559 4254 Atnpbt'onc
578 4173 611 4221 et
628 4158 707 4221 Zeto
729 4158 911 4222 observavit
926 4156 974 4218 vir
997 4152 1175 4217 eruditissi-
