2859 4975
257 445 263 455 .
347 399 962 470 Anuousurtuoumnvu.
1141 434 1187 498 99

161 533 226 596 Ore
239 532 359 595 fremit.
375 528 520 596 Succede
532 551 611 592 meae
622 577 630 604 ‚
644 531 818 596 fortissime
826 533 959 616 ,laudi,

160 647 201 710 Et
212 660 341 710 nostros
356 644 480 724 recole,
492 642 629 730 hospes,
642 665 756 733 agros:
772 668 833 710 nec
843 648 967 712 semina
977 648 1131 730 deerunt,

161 758 242 839 Quae
256 759 346 847 prius
359 759 428 846 ipse
444 755 576 836 dabam,
590 772 623 820 et
633 779 769 841 messes,
783 783 863 848 quas
874 763 963 826 solus
973 764 1116 830 obibam.

157 855 308 937 'Consiliis
320 896 386 937 nox
397 896 463 936 nna
475 874 568 955 satis,
582 891 758 961 tecumque
767 891 903 940 retracta
1162 919 1187 958 70

160 987 309 1075 Cumque
320 987 383 1051 tuis
396 987 464 1050 boec
473 987 561 1067 jussa
571 989 657 1076 deis;
671 989 748 1052 acsi
761 989 842 1077 quid
851 992 961 1082 inisto
971 1009 1021 1058 est

141 1141 146 1148 -
159 1100 307 1184 Robore,
318 1101 462 1190 praedicti
472 1103 581 1167 venies
594 1098 627 1165 i'n
639 1125 715 1168 rura
726 1102 856 1167 laboris.

159 1217 231 1306 lpse
243 1217 384 1281 incertus
396 1215 520 1298 adhuc,
532 1217 674 1282 tenebris
685 1233 718 1281 te
729 1218 879 1304 protinus
891 1220 953 1284 illis

160 1333 286 1396 luvolri
300 1331 504 1418 flammisque
518 1332 633 1413 velim,
648 1331 767 1396 durare
779 1355 954 1422 parumper

158 1450 207 1512 An
217 1447 340 1536 magis,
354 1469 466 1510 everso
477 1446 573 1525 jacias
586 1446 665 1511 dum
677 1447 800 1510 semina
812 1470 946 1536 campo,

158 1564 208 1624 An
219 1562 279 1626 tibi
290 1562 422 1627 Cadmei
434 1561 513 1626 dum
525 1561 656 1625 seminis
667 1577 759 1626 exeat
768 1560 865 1649 hydri

159 1675 271 1758 Miles,
289 1692 322 1740 et
333 1692 454 1740 armata
470 1673 640 1740 florescant
655 1675 744 1763 pube
760 1675 923 1740 novales.»

201 1789 281 1853 Filia
294 1790 397 1877 prima
411 1789 510 1854 trucis
523 1811 636 1852 vocem
650 1789 765 1852 mirata
777 1789 907 1878 tyranni

159 1907 275 1984 Haesit,
289 1923 322 1971 et
332 1906 373 1971 ad
380 1909 534 1987 juvenem
545 1905 697 1993 pallentia
709 1906 834 1969 rettulit
845 1928 919 1988 ora,

158 2020 431 2108 Contremuitque
443 2036 549 2102 metu,
563 2041 604 2081 ne
616 2019 744 2083 nescius
756 2018 875 2083 audeat
885 2020 1027 2108 hospes,
1159 2048 1184 2083 ιο

146 2247 183 2293 71·
199 2233 227 2278 Sr'
245 2230 298 2292 quir
314 2231 338 2276 ira
353 2231 395 2276 uto
412 2239 451 2276 est.
467 2228 558 2274 Maon.
579 2225 632 2271 cod.
651 2249 681 2259 -—
697 2239 736 2284 72.
754 2225 860 2271 Veniens.
877 2225 968 2270 Bonon.
984 2225 1038 2274 cod.
1057 2227 1147 2272 Βοιιοιι,
1164 2230 1182 2272 1,

118 2313 180 2359 lunt.
191 2309 247 2356 Ald.
260 2311 331 2363 Forte
337 2307 440 2371 produn·
453 2305 588 2370 legandum.
605 2329 636 2340 -
650 2305 689 2363 75.
701 2305 791 2365 Anguis
801 2307 825 2349 r'rr
838 2320 920 2350 everso.
931 2305 994 2352 Male
1007 2305 1062 2350 Ald.
1078 2322 1107 2352 ex
1118 2309 1185 2367 conj.

118 2393 210 2437 Inversa.
222 2389 303 2437 Heius.
316 2403 345 2434 ex
354 2388 418 2448 conj·
431 2387 499 2434 benc.
514 2409 546 2422 -α
555 2399 592 2446 79.
602 2384 668 2429 Exit.
680 2385 771 2428 Bonon.
789 2392 813 2430 et
823 2383 903 2429 Bnrnr.
918 2382 989 2429 codd.
1005 2393 1029 2429 et
1043 2401 1077 2431 rs.
1089 2386 1182 2447 subseq.

118 2487 162 2518 narr
172 2485 241 2535 passe
254 2469 325 2519 iidem
340 2467 411 2516 codd.
422 2493 452 2503 -
462 2466 501 2514 80.
513 2468 548 2514 Ne
558 2463 669 2513 omissum
680 2464 704 2511 in
714 2466 767 2511 Vnt
780 2463 834 2510 cod.
843 2465 888 2510 llo.

117 2678 215 2731 usqne,
225 2661 300 2709 dedit.
310 2656 381 2709 Iram
390 2666 526 2708 taurorum
542 2651 626 2723 magis
707 2671 750 2722 71.
759 2655 787 2703 Si
800 2657 862 2721 quid
872 2655 929 2726 spei
939 2657 949 2724 (
959 2656 996 2708 sic
1012 2655 1089 2726 Pius)
1097 2660 1122 2708 in
1138 2661 1184 2709 isto

116 2738 251 2792 exornavit
262 2737 383 2789 Valerius
400 2753 480 2807 quam
499 2732 624 2805 Apollon,
670 2743 717 2784 tuo
727 2734 811 2783 robore
825 2747 875 2794 est,
886 2738 973 2787 venies
986 2737 1011 2786 r'rr
1022 2756 1081 2787 rura
1094 2740 1184 2789 laboris

117 2820 175 2883 ΠΙ,
190 2825 241 2885 409
252 2836 291 2889 sq.
663 2812 795 2879 praedicti,
824 2829 883 2883 quaa
907 2813 983 2883 plena
1004 2813 1102 2867 laboris
1129 2836 1185 2869 esse

149 2902 194 2969 67.
206 2896 466 2963 Succede,fortr'ssime
475 2894 485 2961 (
495 2890 594 2944 ironice
603 2895 624 2960 ),
668 2889 718 2941 tibi
730 2888 850 2961 prodixi.
861 2892 915 2945 En.

116 2998 175 3031 meoe
188 2978 261 3030 laudi
270 3013 278 3039 ,
288 2973 371 3039 mihi,
385 2987 410 3024 et
422 2987 516 3023 nosnos
530 2975 624 3031 recole,
707 2969 748 3038 73.
758 2975 815 3038 Ipsa
823 2973 929 3021 lucernas
939 2988 999 3022 sum
1010 2976 1104 3033 adhue,
1115 2989 1183 3025 terre.

116 3056 159 3129 qui
181 3056 230 3109 diu
253 3054 424 3126 quieverunt,
442 3050 531 3102 denuo
554 3066 626 3114 area,
670 3051 718 3099 bris
727 3050 815 3101 noctis
827 3061 853 3101 te
863 3050 952 3102 statim
956 3055 1118 3122 florentisque
1129 3064 1186 3105 tau·

116 3155 197 3190 noves
212 3133 303 3206 (conf.
319 3152 343 3187 v.
361 3132 425 3202 77),
443 3148 529 3199 agros.
545 3126 626 3181 ovid.
670 3144 762 3178 rorum
770 3129 870 3189 involvi,
882 3128 983 3194 velari,
998 3130 1183 3195 suffocari,an

116 3216 293 3280 Met.1,647,
309 3215 401 3263 resulta
413 3223 486 3260 terra.
668 3224 802 3272 parumper
812 3209 916 3266 doure,
933 3207 1070 3277 paululum
1084 3219 1184 3281 tempo-

149 3297 194 3350 68.
206 3294 362 3347 Nessemirra
371 3292 488 3348 deorsam,
498 3296 525 3339 et
534 3282 626 3338 eadem
669 3284 706 3337 ris
721 3284 802 3337 vitam
815 3295 842 3336 te
859 3285 979 3349 trahere,
992 3290 1082 3348 velun,
1105 3293 1184 3341 donec

116 3374 241 3447 quidem,
262 3390 320 3443 que
340 3370 398 3441 ipse
417 3384 539 3439 spargere
560 3364 645 3417 solet
670 3383 766 3425 everso,
790 3366 898 3415 vome're
925 3364 1073 3433 proscisso,
1097 3388 1184 3437 campo

116 3459 224 3517 bam,et
234 3471 338 3510 messes,
351 3468 414 3517 quas
426 3449 511 3516 solus(
520 3444 571 3497 hoc
581 3462 627 3517 op-
671 3446 766 3493 semina
780 3445 879 3512 jacias,
898 3446 978 3493 donec
995 3447 1064 3495 miles
1085 3451 1183 3499 seminis

116 3537 232 3607 positum
251 3528 419 3602 sequentibus
439 3528 486 3577 diis
505 3527 570 3595 usis)
584 3526 626 3573 ob·
670 3525 744 3587 aedri
760 3525 861 3573 cadmei
874 3536 959 3581 eareat,
976 3535 1076 3576 armata
1089 3544 1184 3580 manus

116 3621 186 3669 ibam.
210 3609 358 3666 Obscurius
380 3608 432 3659 hoc
457 3603 542 3657 innuit
564 3621 626 3665 rex,
670 3622 702 3654 ex
723 3600 844 3654 dentibus
862 3598 986 3653 draconis
1005 3604 1183 3674 propullulet,

116 3714 168 3748 non
181 3689 325 3745 nominatis
336 3686 484 3739 draconum
495 3681 628 3745 dentibus,
670 3685 839 3752 etflorescarrt
848 3683 912 3746 pube
925 3684 1040 3743 novales,
1050 3682 1098 3735 llos
1107 3685 1183 3755 juve.

116 3791 224 3846 sperans
245 3767 359 3841 quippe,
373 3762 446 3817 hand
464 3776 555 3834 parem
570 3760 626 3813 fore
669 3778 735 3810 uum
745 3757 888 3827 rigentium
899 3758 1002 3811 esulcis
1016 3760 1169 3815 modoactis

116 3853 196 3905 lauris
210 3852 344 3903 Iasonem.
671 3837 771 3890 recuba
782 3850 850 3887 terra
859 3876 867 3901 ,
875 3850 1032 3907 procrescat.

151 3950 192 4003 7⁰·
202 3929 314 3982 Consiliis
323 3923 357 3976 ad
366 3920 564 3975 deliberandum
574 3938 626 3969 nox
706 3915 795 3985 77·81.
805 3914 877 3979 Quid
888 3914 922 3967 ad
935 3916 990 3968 baec
1008 3917 1120 3970 Medea?
1137 3924 1185 3970 Pri·

118 4000 624 4071 unasatis,tecumquecumqucdelarue,
672 4016 713 4047 rna
728 3996 795 4062 ficit,
818 4013 877 4064 quae
901 4007 952 4045 tam
977 3998 1073 4050 atrocia
1104 4001 1184 4067 patris

118 4111 181 4163 quos
209 4092 310 4157 jactas,
337 4088 390 4135 laceo
407 4084 482 4150 jusso
503 4092 627 4139 retracta,
670 4078 743 4145 jussa
757 4075 904 4126 miraretur.
919 4078 1008 4133 Haesit,
1021 4074 1062 4151 ll¹
1076 4078 1184 4130 auribus

118 4171 196 4240 probe
205 4164 348 4240 perpende.
674 4151 772 4214 credit,
788 4156 910 4219 pallentia
929 4157 967 4203 od
977 4156 1092 4226 juvenem
1113 4159 1185 4223 reffert

1010 4273 1049 4335 .7·
