2859 4975
292 416 352 480 162
391 415 443 479 IN
470 413 557 480 LIB.
581 412 837 480 SEPTIMUM
866 413 1258 482 ARGONAUTICON

288 533 351 592 Hoc
378 543 442 584 sunt
460 528 611 599 Wagnerit
636 526 799 580 ·steltalam
814 525 999 597 praefixerunt,
1019 539 1046 580 et
1059 527 1132 580 raris
1151 529 1277 584 batiolati
1296 544 1357 584 sunt

288 625 525 676 commentatores,
544 609 617 684 quod
637 609 710 663 idem
731 623 757 664 et
774 609 842 664 mibi
855 609 942 664 liceat.
955 609 1078 681 Aliquem
1099 631 1203 666 unauna
1222 614 1358 669 invenisse
1419 654 1420 657 ,

288 701 354 754 mihi
364 699 435 753 visus
447 713 506 750 snm
518 733 528 760 ,
540 695 607 748 siita
620 695 826 765 interpretarer:
838 697 910 763 quia,
920 694 988 748 siita
996 695 1110 750 audaces
1118 697 1171 750 sint
1180 699 1358 770 Argonauta,

289 798 319 839 ut
332 801 393 838 cum
404 782 521 837 dracone
533 779 659 832 dimicare
668 778 829 841 sustineant,
838 781 919 831 uellus
932 799 1033 830 aureum
1044 784 1132 849 etipsa
1144 797 1224 851 terga,
1233 782 1360 838 draconis

288 886 400 942 nempe,
409 869 515 937 insecta,
525 878 668 936 conspersa
679 863 687 928 ζ
698 865 766 913 diros
774 881 882 923 cruores,
890 861 1008 915 bostium
1018 860 1255 934 exsecrandorum,
1264 869 1311 938 qui
1322 888 1360 920 ra·

290 973 352 1026 pere
364 951 475 1016 vellent,
484 963 576 1001 servent
587 944 721 998 memorias
730 944 811 998 baasa
821 986 828 1013 ,
839 955 868 998 ut
881 945 951 1017 signa
965 947 1016 999 sint
1026 946 1202 1015 fortitudinis,
1211 968 1265 1020 qua
1274 951 1359 1003 velius

289 1058 343 1092 aute
354 1031 478 1090 custodite
495 1030 624 1087 traditum
640 1026 722 1083 draco
740 1025 896 1084 defenderit.
911 1031 975 1083 Erat
991 1031 1087 1092 etiam,
1102 1031 1147 1084 ubi
1163 1033 1223 1084 diris
1232 1037 1361 1085 cruoribus

289 1120 390 1175 Medeae
399 1136 500 1172 venena
519 1113 659 1188 significari
678 1125 814 1184 putarem,
830 1113 1013 1186 legeremque:
1027 1119 1076 1166 diri
1087 1130 1180 1167 servent
1191 1119 1287 1180 illata,
1303 1119 1359 1170 scil.

291 1205 403 1270 vellera,
413 1221 448 1256 ne
457 1199 608 1274 rapiantur,
621 1218 733 1260 cruores,
747 1211 777 1252 ut
789 1217 836 1252 rex
848 1210 941 1272 pergat
955 1198 1081 1254 mandata
1090 1198 1156 1254 dare
1170 1200 1230 1254 filiae
1240 1239 1249 1267 ‚
1261 1214 1295 1255 ut
1306 1216 1362 1272 arte

291 1306 339 1344 sua
353 1286 453 1358 magica
470 1284 582 1354 inungat
601 1294 627 1335 et
640 1281 723 1335 vellus
739 1293 766 1334 et
784 1281 943 1348 draconem
962 1282 1007 1336 ssd
1022 1283 1149 1337 audacius
1168 1281 1221 1339 hoe
1235 1304 1295 1339 esse
1308 1286 1363 1357 ipse

291 1367 418 1425 confiteor
429 1395 450 1423 ι.

325 1538 359 1592 V.
375 1535 434 1592 558.
453 1537 573 1603 Soevisqus
584 1535 676 1601 procui
690 1512 799 1585 discesiit
811 1538 844 1584 ab
856 1535 933 1603 agris
948 1564 983 1573 —
992 1534 1085 1586 Lectio
1097 1539 1130 1586 ab
1144 1538 1223 1604 agris,
1237 1536 1363 1588 secundat

290 1623 391 1676 Bonou
401 1618 550 1675 emendatio
562 1626 609 1670 est.
623 1613 714 1670 lectio
726 1611 865 1685 codicum,
876 1619 901 1668 itt
912 1619 995 1688 agris,
1009 1617 1102 1674 melius
1113 1637 1175 1671 cum
1189 1619 1363 1692 sequentibus

291 1707 404 1760 cohmret
413 1723 421 1768 ;
430 1721 537 1758 necesse
553 1712 606 1763 est,
618 1720 673 1772 quo
691 1711 741 1756 stet
754 1701 914 1774 comparatio
927 1721 986 1773 quoe
1001 1703 1130 1775 sequitur,
1144 1703 1249 1757 basonis
1260 1705 1363 1762 socios.

292 1789 402 1862 perinde
414 1807 445 1841 ac
454 1787 555 1859 ipsum,
567 1786 660 1839 Martis
670 1785 697 1838 in
711 1803 804 1857 campo
818 1796 902 1849 stare,
913 1804 1011 1858 magno
1022 1799 1110 1840 tamen
1120 1787 1260 1842 intervallo
1269 1787 1364 1842 adure
1421 1857 1423 1862 ,

293 1875 458 1949 disjunctoa3
472 1870 531 1924 ride
544 1890 569 1923 r.
583 1867 634 1938 593
648 1882 673 1922 et
686 1869 757 1923 infra
767 1881 823 1924 not.
834 1873 896 1932 614.

327 2058 361 2110 V.
373 2055 431 2125 559.
445 2057 548 2105 Fiattrat
560 2055 601 2104 itta
611 2055 715 2120 padus,
726 2067 825 2119 totaque
835 2072 869 2104 ex
880 2055 977 2120 agmine
987 2057 1052 2105 solus

443 2141 547 2197 Stabat,
558 2151 585 2186 ut
594 2139 709 2187 extremis
721 2140 829 2188 destrues
837 2141 871 2188 ab
882 2141 979 2189 orbibus
990 2142 1058 2200 axis,

448 2227 524 2287 Quem
530 2222 588 2289 jam
602 2223 667 2270 lassa
681 2223 742 2278 dies,
757 2224 888 2289 Austrique
896 2225 1005 2273 ardentis
1015 2241 1112 2282 m,

446 2310 500 2355 Aut
513 2321 584 2370 quem
596 2305 710 2368 libipteas
722 2317 858 2355 exstantem
869 2323 951 2356 rursus
960 2309 998 2357 ad
1005 2323 1073 2358 artes

447 2390 501 2438 Nice
511 2396 537 2438 et
544 2387 643 2436 caerulei
651 2391 738 2436 Boreoe
743 2386 817 2453 ferus
828 2391 930 2438 abstulit
942 2391 1035 2440 borror.
1132 2403 1137 2412 ’

296 2529 467 2607 Apollonius,
482 2527 534 2591 ait,
550 2526 604 2590 111,
622 2542 701 2597 ¹²7⁰t
717 2541 840 2598 campum
854 2526 981 2580 Martium
998 2528 1033 2580 ab
1047 2528 1114 2581 arbe
1126 2537 1230 2582 tantum
1248 2527 1366 2594 distare,

294 2625 424 2691 quantum
438 2633 454 2668 a
467 2608 618 2666 carceribus
629 2616 699 2663 meta
710 2625 789 2663 curru
802 2610 962 2683 attingenda.
1422 2625 1423 2630 =

330 2724 399 2776 Hinc
412 2719 532 2797 profecto
540 2716 664 2773 Valerius
673 2716 787 2770 curtulis
796 2716 1014 2787 comparationis,
1025 2716 1136 2771 diversas
1147 2730 1251 2784 tamen,
1263 2724 1367 2795 cogita·

295 2813 394 2865 tionem
404 2804 486 2859 duxit.
498 2802 556 2855 Hoc
565 2813 635 2855 certe
649 2796 699 2853 sibi
712 2799 867 2872 proposuit,
887 2812 918 2853 ut
930 2800 1052 2853 bosonem
1068 2819 1084 2853 a
1101 2803 1179 2857 sociis
1200 2805 1323 2859 relictum
1340 2809 1367 2859 in

296 2890 404 2955 medio,
425 2904 539 2963 moxque
552 2896 691 2937 taurorum
709 2876 821 2935 flammis
834 2884 1005 2936 obscuratum
1017 2903 1048 2938 ac
1071 2882 1221 2939 involutum
1239 2890 1368 2963 pingeret.

298 2972 468 3048 Comparatio
481 2970 626 3024 instituitur
637 2988 698 3024 cum
709 2968 830 3022 curribus
839 2968 888 3022 iter
898 2969 974 3022 simul
985 2969 1141 3024 facientibus
1153 2972 1208 3025 aive
1221 2970 1249 3025 in
1261 2974 1368 3036 Africa,

301 3061 399 3117 sivein
413 3056 536 3131 Scythia,
553 3071 668 3126 quorum
684 3072 754 3106 unua
767 3052 843 3106 hesit
857 3052 906 3106 sub
921 3071 1058 3124 vesperam
1073 3052 1100 3105 in
1116 3073 1196 3127 agro,
1215 3056 1293 3127 cujus
1304 3075 1369 3109 mox

199 3154 200 3159 ’
299 3162 385 3198 arente
400 3152 425 3194 et
441 3138 568 3193 occiduus
582 3132 636 3189 dies
655 3137 683 3188 in
698 3136 804 3203 Africa,
821 3135 894 3189 nivea
909 3148 936 3189 et
953 3136 1054 3208 pruina
1071 3136 1099 3189 in
1120 3136 1243 3211 Scythia.
1257 3158 1369 3215 conspe

298 3242 371 3283 ctum
384 3223 507 3296 eripiunt.

336 3332 396 3383 Non
416 3322 597 3381 intellexerunt
615 3322 689 3379 hano
705 3321 796 3379 locutu
811 3320 880 3379 Pius,
890 3340 922 3375 ac
935 3321 1119 3388 Burmannus,
1131 3326 1230 3375 orbibus
1246 3343 1303 3379 esse
1317 3345 1371 3398 pro

298 3419 363 3483 potis
379 3412 438 3465 rati.
460 3414 534 3461 orbes
549 3406 594 3459 hic
613 3421 681 3459 rotas
698 3404 847 3475 significare
864 3405 968 3460 monuit
986 3405 1131 3468 Maserius,
1147 3426 1228 3478 quem
1241 3422 1372 3481 sequutus

304 3498 446 3553 Dorviliiua
461 3492 496 3545 ad
511 3490 611 3545 Charit.
627 3508 653 3560 p.
667 3487 734 3556 639,
752 3488 839 3541 lucem
856 3488 958 3560 primus
976 3489 1064 3542 intulit
1075 3488 1139 3555 huic
1153 3491 1230 3556 loco;
1244 3491 1294 3545 sed
1307 3512 1371 3545 eum

227 3607 229 3623 ³
304 3582 396 3635 teteltit
406 3573 608 3647 comparationis
617 3570 794 3644 propositum,
807 3574 882 3643 cujus
893 3592 936 3625 me
945 3574 1051 3625 monuit
1062 3573 1136 3625 locus
1144 3573 1279 3645 Apollonii
1289 3594 1372 3648 supra

304 3664 442 3723 laudatus,
454 3659 488 3711 ad
500 3676 579 3730 quem
591 3655 634 3709 ille
652 3655 773 3728 profecto
790 3673 845 3709 non
858 3655 969 3709 attendit
976 3674 985 3721 ;
999 3656 1147 3727 erravitque
1158 3656 1187 3708 in
1198 3676 1264 3711 voce
1273 3660 1284 3727 (
1294 3661 1373 3731 cnjus

304 3746 467 3819 precipuum
488 3752 544 3795 erat
562 3741 747 3808 momentum)
763 3742 874 3802 abstulit,
892 3758 973 3810 quam
991 3740 1174 3811 interpretatus
1192 3752 1248 3806 est,
1272 3746 1370 3803 obruit,

306 3829 380 3902 quod
392 3835 521 3899 repugnat
535 3819 718 3887 similitudini:
732 3835 869 3876 taurorum
882 3824 954 3876 euim
967 3818 1082 3877 flammis
1091 3824 1238 3880 obnubitur
1250 3836 1373 3891 tanturn,

304 3934 360 3967 non
376 3914 485 3963 obruitur
500 3910 591 3962 iason.
604 3910 712 3959 Abstulit
722 3926 754 3959 eo
770 3926 838 3979 sape
851 3904 992 3961 adhibetur
1005 3926 1099 3970 sensu,
1113 3926 1167 3979 quo
1183 3925 1278 3960 sumus
1288 3907 1372 3960 inter-

304 3994 398 4067 pretati
411 4015 418 4057 3
433 3993 470 4044 sic
485 4009 580 4062 supra,
598 3991 622 4051 Ι,
637 3992 896 4060 497‚1mmensusque
914 4005 994 4041 ratem
1010 3994 1173 4058 spectantibus
1188 3991 1297 4043 abstulit
1310 4012 1373 4050 aer;

303 4080 344 4131 III
356 4120 363 4144 ,
380 4078 440 4141 551,
454 4079 554 4143 jamque
569 4094 602 4123 ex
613 4077 688 4125 oculis
699 4074 819 4126 aufertur
831 4087 938 4141 uterque.
949 4104 984 4113 —
997 4071 1112 4124 Extremi
1123 4078 1191 4124 orbes
1203 4084 1265 4124 sunt
1275 4092 1372 4125 currus

268 4192 279 4202 κ
302 4160 404 4224 ultimi,
414 4160 461 4231 qai
472 4157 648 4231 plaustrorum
662 4158 816 4214 catervatim
832 4156 949 4211 euntium
965 4175 1060 4229 agmen
1073 4156 1241 4211 olautbbant.
1263 4188 1298 4197 -
1315 4162 1373 4207 Ex·
