2859 4975
290 377 334 482 96
593 374 848 440 C.VALER11
877 372 1048 478 Fusco]

331 503 415 568 Vota
427 502 535 590 prius,
551 515 724 589 captasque
738 498 806 564 deis
820 497 996 564 accendere
1007 498 1150 588 praedas,

331 614 519 696 Prominet,
537 629 634 701 atque
652 613 765 677 oculos
784 613 881 702 longe
897 627 1003 693 tenet,
1021 634 1120 677 auree
1137 613 1166 677 si
1178 612 1245 693 jam
1336 640 1361 676 ιη

331 730 426 794 Pellis
438 777 447 812 ,
461 742 494 792 et
508 726 622 792 oblatis
636 727 812 792 clarescant
825 727 905 791 atria
916 726 1009 791 villis.

374 841 432 904 Ille
449 855 559 903 autem
572 839 703 919 jamjam
718 840 828 904 vultus
839 862 1001 927 vocesque
1013 855 1138 928 paratas

332 958 418 1019 Ante
430 954 551 1042 aperit,
566 953 756 1041 rumpitque
769 975 896 1034 moras,
908 953 1010 1041 inque
1021 953 1092 1042 ipsa
1101 953 1258 1017 morantis

332 1070 463 1135 Prosilit
479 1091 535 1132 ora
550 1068 628 1150 viri,
642 1067 764 1156 talique
778 1066 960 1134 effunditur
971 1067 1038 1132 ira:

331 1184 444 1249 «Orbe
460 1199 545 1248 satos
557 1183 711 1264 ali0,sua
724 1182 819 1246 litora
830 1204 995 1271 regnaque
1006 1181 1180 1262 habentes,
1336 1201 1359 1240 ss

332 1300 414 1383 Quis
427 1298 520 1362 furor
531 1291 590 1362 has
602 1297 719 1361 mediis
731 1313 781 1361 tot
793 1295 946 1360 fluctibus
957 1295 1024 1386 egit
1031 1297 1071 1362 ,in
1082 1317 1171 1370 oras,
1238 1297 1241 1301 ’

333 1415 455 1498 Quisve
467 1414 532 1477 mei
544 1435 602 1476 vos
614 1427 725 1476 tantus
736 1410 850 1476 amor?
862 1412 915 1474 Tu
925 1410 1029 1500 prima
1041 1410 1201 1474 malorum

331 1529 434 1590 Causa
446 1524 544 1607 mihi,
557 1540 611 1606 tu,
623 1523 753 1612 Phryne
765 1547 882 1612 gener,
894 1546 962 1588 non
976 1540 1008 1588 te
1022 1545 1153 1612 aequore
1163 1543 1326 1602 mersum,

332 1641 409 1724 Quo
421 1662 529 1722 soror,
542 1655 580 1703 ut
593 1638 669 1703 felix
683 1639 791 1702 nullos
803 1659 892 1702 nunc
903 1639 1037 1702 nomine
1050 1638 1163 1702 Graios
1335 1657 1361 1708 s,

330 1755 469 1818 Nossem
487 1755 563 1842 ego!
585 1753 668 1836 Quis
685 1731 801 1842 regum
811 1751 927 1834 Pelias,
940 1752 1013 1840 quis
1023 1752 1277 1835 Thessalus,ant
1287 1776 1361 1841 quae

317 1923 356 1969 31.
368 1921 503 1968 claresceret
512 1936 602 1985 aspera.
621 1923 710 1968 Bonon.
723 1921 735 1966 1
753 1930 777 1967 et
787 1921 823 1975 Il,
837 1930 863 1967 et
877 1919 933 1967 odda
952 1930 1007 1967 ante
1023 1921 1089 1968 Gerr.
1098 1931 1184 1983 proter
1193 1931 1279 1968 vetunt.
1286 1922 1360 1970 Paris.

288 2007 347 2046 teste
361 1998 427 2050 ean,
445 2023 476 2032 —-
493 1997 531 2043 3².
542 1996 702 2058 Namjamn.
714 1996 927 2060 parantem.Vatic.
940 2005 965 2043 et
978 1999 1069 2043 Bonon.
1081 1997 1151 2045 codd.
1163 1997 1253 2044 Bonon-
1269 2000 1281 2044 l
1295 2007 1320 2045 et
1328 2000 1360 2044 ll.
1420 2026 1421 2031 =

288 2073 408 2136 Jamjam.
416 2106 433 2117 ..
446 2082 576 2134 parantem,
585 2081 610 2119 et
617 2087 651 2117 vs.
662 2072 785 2133 sequenti,
794 2074 856 2118 Ante
862 2074 929 2134 petit.
940 2071 995 2118 Ata.
1008 2071 1319 2134 -33.1pte.Bonon.ood.
1329 2099 1361 2108 -

289 2148 475 2210 Quondam.Vat.
492 2156 516 2193 et
528 2149 620 2193 Bonon.
635 2145 705 2193 codd.
721 2149 813 2192 Bouou.
828 2146 848 2192 l.
860 2147 903 2192 lin.

286 2295 396 2348 verbnm
412 2291 664 2364 subintelligendum
678 2333 686 2358 ‚
700 2297 803 2358 reddere
847 2294 1015 2366 splendorem
1034 2308 1139 2369 spargat
1160 2317 1209 2370 per
1224 2294 1361 2369 palatium.

287 2373 331 2428 nel
340 2378 447 2434 solvere5
459 2389 528 2444 sepe
539 2371 611 2450 enim
626 2372 716 2424 Latini
725 2412 733 2438 ,
742 2391 803 2443 poe·
883 2376 971 2447 3277.
981 2377 1041 2430 Alia
1054 2389 1143 2430 tamen
1152 2376 1244 2431 omnia
1253 2391 1362 2432 manent

287 2467 320 2508 tas
332 2453 361 2505 in
379 2451 491 2525 primis,
506 2449 610 2505 duobus
623 2452 665 2506 vel
681 2452 803 2524 pluribus
846 2457 980 2511 iasonem.
999 2456 1128 2511 Oratione
1145 2455 1213 2529 regis
1232 2456 1361 2528 excipitur

288 2530 457 2586 substantivis
481 2548 566 2583 unum
595 2533 726 2603 jungunt,
742 2550 802 2585 ver·
846 2536 1060 2602 inhumanitatis,
1075 2536 1204 2609 superbire
1214 2577 1222 2604 ,
1233 2536 1363 2591 acerbita-

288 2614 354 2665 bum
364 2628 371 2663 ε
380 2626 460 2681 quarn
468 2607 582 2679 figuram
589 2616 702 2678 Zeugma
711 2609 804 2662 Gram-
847 2615 880 2669 tis
897 2615 1084 2689 injustitiaque
1099 2616 1188 2686 plena.
1200 2620 1257 2667 lleae
1273 2626 1363 2673 autem

289 2690 379 2743 matici
392 2688 532 2761 appellant.
539 2688 583 2742 Sic
592 2688 731 2755 Tibullus,
743 2690 804 2756 I,4,
848 2698 931 2746 sutus
949 2693 984 2747 ad
1001 2694 1166 2747 severitatem
1184 2693 1361 2765 compositos,

289 2770 340 2823 65:
363 2770 447 2831 Vivet,
464 2771 522 2818 dum
541 2769 628 2816 robora
645 2770 804 2827 tellus,Dum
848 2793 974 2841 vocesque
992 2776 1048 2841 J'am
1072 2789 1131 2827 ante
1146 2788 1270 2843 paratas,
1296 2792 1363 2844 quas

290 2853 378 2900 coelum
407 2850 507 2904 stellas,
533 2848 592 2896 dum
620 2848 694 2897 veltet
725 2849 805 2898 amnis
849 2852 1266 2923 praemeditatus‚commentatus
1277 2865 1364 2919 esset,

290 2948 385 2995 aquas,
400 2925 446 2977 uhi
461 2930 489 2980 τὸ
506 2926 581 2975 veltet
590 2924 684 2975 ultimo
699 2936 805 2979 tantum
849 2934 940 2998 operit,
950 2933 1050 3003 promit
1059 2970 1067 2996 ,
1076 2935 1211 3001 mmpitqae
1221 2952 1322 2993 moras,
1338 2944 1364 2984 et

289 3007 397 3080 proprie
418 3002 615 3058 accommodari
631 3015 727 3076 potest.
742 3012 806 3057 Prae·
850 3009 907 3063 sine
924 3030 1011 3072 mora,
1030 3015 1055 3063 in
1074 3015 1130 3079 ipsa
1147 3015 1282 3075 morantis,
1297 3031 1364 3064 non—

290 3092 337 3139 das
348 3104 411 3139 vero
428 3098 516 3152 captas
532 3088 668 3137 accendere
683 3084 806 3141 nonnulli
849 3087 915 3141 dum
926 3090 1044 3161 loquuti,
1059 3090 1164 3143 lasonis
1174 3129 1183 3156 ,
1191 3093 1291 3159 prosilit
1301 3111 1362 3151 ora,

290 3165 397 3238 proprie
410 3173 585 3233 acceperunt,
600 3182 649 3215 nec
660 3164 806 3235 aliquando
850 3188 911 3222 cum
925 3169 1026 3241 impetn
1039 3169 1066 3220 in
1077 3188 1140 3221 eum
1150 3170 1294 3234 invehitur,
1308 3174 1364 3221 tali-

290 3245 318 3298 id
335 3247 433 3297 factum
447 3241 614 3314 negaverim
628 3242 692 3315 quid
706 3244 807 3297 sivero
851 3269 899 3315 que
914 3250 1051 3317 ffmditur
1063 3252 1117 3310 ira,
1132 3250 1168 3301 ita
1181 3263 1289 3321 tamque
1297 3251 1364 3306 mul-

290 3324 326 3377 ud
348 3321 471 3377 eumdem
490 3323 545 3375 fere
566 3320 675 3374 modum
695 3322 806 3394 intelligi
851 3326 885 3378 tis
894 3328 982 3379 verbis
993 3326 1200 3399 indignationem
1210 3329 1297 3382 effert.

290 3404 375 3455 voluit
398 3413 492 3473 poeta,
519 3420 573 3472 quo
600 3401 687 3453 Graeci
712 3402 806 3454 dicunt
886 3404 927 3457 35.
941 3409 1091 3476 Quisfitmr,
1106 3410 1208 3475 quisque
1224 3410 1272 3459 mei
1282 3423 1364 3459 manes

292 3487 353 3537 θύειν
369 3484 480 3555 γάμους,
495 3485 621 3551 γενέθλια,
633 3490 682 3531 etc.
695 3492 725 3532 ut
738 3479 806 3532 nihil
849 3502 921 3534 amor
930 3486 941 3551 (
950 3485 1035 3537 monia
1053 3484 1164 3558 lepida)
1176 3505 1236 3547 vos,
1250 3490 1308 3539 orbe
1320 3508 1363 3538 sa-

291 3560 363 3614 aliud
375 3559 487 3630 intelligi
500 3558 722 3628 voluerit,quam
731 3578 805 3612 sacra
849 3567 956 3614 toralia
977 3566 1075 3632 (altem
1094 3567 1173 3626 orbis,
1195 3564 1275 3618 ovid.
1302 3566 1321 3618 l
1346 3567 1364 3617 1.

229 3711 231 3717 Ι
291 3642 379 3694 facere
391 3638 441 3691 diis
453 3640 488 3689 oh
500 3637 635 3690 victoriam
643 3637 760 3691 l-Vide
773 3638 808 3692 ad
853 3660 877 3694 v.
896 3662 926 3695 aa
937 3646 962 3711 ),
980 3647 1066 3694 mediis
1080 3646 1251 3715 totfluctibas,
1268 3663 1314 3714 per
1325 3657 1365 3698 tot

248 3770 251 3783 ,
293 3720 391 3772 calcem
406 3718 488 3788 hujus
501 3718 561 3769 libri
576 3726 633 3770 not.
647 3738 689 3787 ²9·
702 3720 753 3771 En.
851 3722 932 3774 maria
949 3722 1099 3794 interjecta,
1115 3727 1141 3774 in
1157 3727 1203 3776 tas
1217 3727 1267 3792 egit
1285 3735 1364 3776 oras?

329 3801 371 3853 30.
387 3800 520 3859 Prominet,
542 3800 571 3849 in
590 3796 689 3867 pedum
709 3798 806 3869 digitos
888 3801 931 3871 37.
949 3807 984 3852 Tu
1001 3804 1061 3853 miti
1068 3805 1151 3870 priam
1165 3808 1285 3855 malonem
1303 3825 1365 3855 cau-

292 3898 319 3931 se
338 3879 407 3931 levat
426 3878 524 3939 lason,
545 3891 617 3943 atque
632 3882 714 3929 oculos
731 3884 806 3947 longe
850 3900 895 3941 sa,
908 3885 1023 3946 Plryxe:
1037 3902 1087 3933 non
1105 3896 1129 3933 te
1143 3902 1242 3949 aequore
1258 3903 1363 3934 mersum

292 3971 371 4017 tenet,
380 3956 547 4018 circumfert,
558 3974 635 4006 aurea
638 3959 695 4024 jam
705 3960 728 4007 si
736 3960 746 4026 (
753 3962 806 4027 an)
850 3960 861 4026 (
871 3958 958 4012 oratio
975 3960 1134 4032 incompleta
1142 3963 1153 4029 )
1159 4001 1168 4027 ,
1176 3960 1280 4013 utinam
1291 3980 1362 4014 mer-

288 4038 360 4103 pellis
374 4048 515 4105 appareat,
528 4050 553 4086 et
564 4036 650 4086 obtatis
666 4041 806 4088 clarescant
852 4058 896 4091 sus
906 4058 992 4103 esses,
1005 4038 1119 4102 eodem,
1133 4060 1181 4107 quo
1193 4042 1361 4104 toreumati.

293 4116 356 4163 atria
374 4116 455 4173 vittis,
473 4114 592 4166 oblatum
608 4132 623 4165 a
640 4133 701 4186 rege
722 4117 805 4169 vellus
888 4124 930 4179 40.
941 4119 973 4171 Et
984 4138 1043 4191 quae
1053 4131 1082 4171 tu
1092 4120 1158 4172 mihi
1169 4123 1280 4191 narras(
1290 4121 1362 4173 conf.
