2859 4975
277 357 339 436 384
660 359 957 424 CATALOGUS

274 483 326 546 ille
343 479 572 568 Amythaonis,
597 481 652 544 hic
677 505 754 564 vero
780 481 910 546 Crethei
936 480 1032 545 filius.
1061 484 1227 570 Aruspicis
1248 487 1346 548 etiam
1414 534 1415 537 ,

273 610 394 652 munus
412 587 529 650 obiisse
548 609 587 650 ex
602 587 706 650 Valer.
725 587 887 667 111,438,
901 587 1033 665 conjicit
1049 588 1219 653 Maserius,
1238 595 1344 679 Argo·

272 692 367 754 licum
383 707 477 754 vocat
494 713 587 772 eum,
604 690 691 756 idem
704 692 759 754 lib.
775 693 815 771 V,
831 714 862 754 2.
875 691 945 754 Etsi
957 714 1034 754 vero
1051 716 1090 755 ex
1103 695 1232 780 augurii
1247 713 1282 758 et
1294 696 1345 758 fu·
1415 692 1416 737 ³

272 798 338 860 turi
357 796 489 860 scientia
508 812 641 859 noverat
656 819 690 860 se
709 796 744 858 in
763 796 823 859 hac
839 795 1046 884 expeditione
1062 798 1264 884 periturum,
1278 822 1345 864 non

275 902 462 967 detrectavit
479 917 586 964 tamen
606 902 769 983 militiam,
786 900 844 964 sed
859 924 894 964 se
910 902 1019 964 Jasoni
1034 901 1191 981 adjunxit.
1209 906 1259 968 De
1277 906 1345 985 ejus
1416 930 1417 935 ¹

161 1060 177 1076 .
275 1027 379 1074 morte
392 1010 516 1074 diversa
532 1032 665 1098 quoque
680 1010 841 1074 tradidere
852 1009 1003 1091 Veteres,
1017 1034 1158 1098 quorum
1173 1014 1344 1100 opiniones

273 1132 419 1182 recenset
434 1115 590 1179 Maserius
607 1133 640 1179 et
652 1117 811 1181 Weitzius
829 1115 870 1180 ad
887 1116 907 1179 l.
926 1116 948 1180 l.
965 1116 1021 1180 lib.
1037 1119 1077 1198 V,
1090 1119 1195 1205 prino.
1209 1121 1344 1207 Apollo-
1417 1154 1418 1177 ι

273 1221 373 1284 dorus
396 1221 436 1284 ab
451 1243 529 1308 apro
544 1221 581 1282 in
599 1220 820 1308 Maryandinis
837 1221 982 1286 occisum
999 1238 1126 1303 narrat,
1141 1224 1196 1286 cui
1212 1241 1246 1287 et
1261 1248 1344 1288 con-

276 1328 355 1392 cinit
373 1327 523 1415 Apollon.
547 1327 595 1405 Il,
612 1326 686 1413 817,
708 1343 741 1390 et
757 1327 877 1415 Hygin.
896 1327 962 1391 sab.
986 1325 1042 1407 15,
1059 1346 1091 1392 et
1108 1328 1201 1392 Ovid.
1220 1330 1254 1393 in
1275 1332 1346 1413 lbi,

273 1456 356 1498 vers.
376 1434 453 1516 504,
471 1434 528 1496 ubi
546 1432 619 1497 vide
635 1432 859 1522 Salvagnium;
886 1449 997 1497 noster
1012 1456 1089 1498 vero
1107 1433 1208 1498 Poeta
1223 1435 1297 1500 fatis
1314 1453 1347 1500 et

276 1539 397 1602 morbis
411 1539 537 1627 lapsum
553 1538 642 1602 dicit.
657 1538 820 1602 Ammiau.
834 1538 975 1601 Marcell.
990 1538 1147 1620 XXll,8,
1157 1563 1233 1602 eum
1244 1563 1347 1628 prope
1419 1556 1421 1649 y

275 1646 452 1708 Tibarenos
481 1642 653 1706 humatum
686 1665 756 1706 esse
790 1659 913 1725 narrat;
932 1641 1006 1706 vide
1029 1644 1158 1708 Senecae
1180 1645 1347 1727 Medeam,
1419 1662 1420 1683 ³

274 1774 355 1814 vers.
373 1747 456 1832 652,
471 1765 503 1812 et
518 1749 564 1812 ibi
585 1748 801 1812 Gronovium.
816 1747 865 1810 Ab
882 1747 946 1811 hoc
965 1749 1093 1812 Idmone
1110 1748 1256 1814 diversus
1271 1751 1349 1838 Epi·

274 1856 406 1920 daurius
425 1855 494 1937 ille,
511 1854 678 1918 medicinae
697 1854 812 1942 peritia
832 1855 866 1917 in
885 1855 957 1918 aula
981 1854 1110 1918 Adrasti
1132 1855 1314 1920 celebratus
1329 1881 1348 1920 a

273 1965 351 2028 Stat.
365 1960 469 2025 Theb.
484 1960 548 2043 ΙΙΙ,
561 1957 635 2046 389,
652 1976 685 2022 et
703 1958 783 2023 alius
802 1959 915 2023 ldmon
930 1977 1020 2048 pater
1029 1960 1194 2025 Arachnes
1210 1962 1348 2044 Ovidio,

273 2070 352 2134 Met.
369 2070 436 2148 Vl,
455 2068 494 2147 8,
512 2082 730 2145 memoratus,
747 2065 805 2152 qui
820 2065 1044 2154 Colophonius
1061 2066 1131 2130 fuit.

318 2314 491 2394 lOLAUS,
504 2313 635 2400 lphicli,
651 2312 758 2377 fratris
775 2312 942 2393 Herculis,
956 2310 1058 2391 filius,
1069 2312 1128 2374 soli
1142 2312 1274 2400 Hygino
1287 2311 1348 2375 ad·
1422 2242 1424 2385 l

273 2436 461 2484 numeratus
480 2419 685 2508 Argonautis.
705 2419 767 2482 Hic
786 2417 826 2481 ab
844 2417 961 2481 Ovidio
984 2417 1069 2480 inter
1086 2434 1256 2482 venatores
1278 2417 1349 2505 apri

272 2526 441 2617 Calydonii
469 2540 668 2589 memoratur
691 2525 771 2587 Met.
798 2523 854 2587 lib.
872 2525 966 2604 Vlll,
983 2522 1058 2587 310.
1074 2524 1125 2587 Ab
1142 2523 1345 2611 Apollodoro

272 2636 341 2716 ejus
356 2650 448 2721 pater
470 2630 617 2721 Iphiclus.
638 2627 751 2693 Adfuit
769 2649 801 2693 et
819 2629 927 2693 Iolaus
949 2630 1080 2693 Herculi
1098 2645 1215 2716 patruo
1234 2644 1349 2693 contra
1423 2642 1425 2645 ⁴

220 2825 225 2833 =
271 2742 428 2829 hydram;
453 2737 526 2801 vide
555 2736 726 2801 Scholiast.
751 2735 906 2801 Nicandri
928 2734 970 2798 ad
987 2735 1083 2799 Ther.
1106 2734 1189 2815 688,
1213 2735 1349 2822 ejusque

272 2869 405 2910 currum
433 2845 551 2907 rexisse
568 2843 612 2907 in
636 2842 693 2905 illo
714 2841 890 2905 certamine
907 2856 1014 2903 narrat
1028 2842 1194 2928 Anonym.
1221 2838 1263 2904 de
1281 2842 1350 2905 ΧΠ

271 2951 449 3017 Laboribus
477 2948 624 3014 Herculis
650 2948 690 3011 ab
704 2947 824 3011 Allatio
842 2946 967 3027 editus,
979 2969 1048 3034 cap.
1068 2965 1106 3026 23
1124 2962 1157 3008 et
1178 2944 1248 3023 ejus
1272 2969 1349 3033 pre·

272 3060 364 3143 cibus
387 3055 549 3137 juventuti
582 3054 770 3140 restitutum
789 3052 905 3132 fuisse,
933 3051 1021 3115 canit
1049 3050 1142 3115 ovid.
1170 3052 1249 3115 Met.
1280 3054 1350 3134 lX,

272 3171 347 3250 429.
360 3164 424 3227 Alii
442 3184 517 3225 eum
536 3175 704 3224 mortuum
722 3158 853 3237 dicunt,
870 3157 928 3221 sed
943 3180 1047 3244 quum
1066 3157 1270 3244 Eurystheus
1287 3157 1354 3221 He·

273 3270 407 3335 raclidas
426 3268 466 3331 ab
482 3265 740 3331 Atheniensibus
759 3264 969 3351 deposceret,
984 3279 1017 3326 et
1034 3263 1156 3327 bellum
1173 3263 1351 3327 denuntia-

273 3393 340 3457 ret,
355 3373 524 3453 revixisse,
540 3387 572 3435 et
596 3369 778 3456 Eurysthea
801 3367 956 3432 occidisse
983 3366 1217 3448 narrant5vide
1240 3368 1351 3433 Schol.

272 3480 403 3545 Pindari
415 3478 525 3566 ,Pyth.
536 3478 604 3556 lX,
618 3475 690 3561 137,
703 3473 762 3538 ubi
777 3473 887 3553 addit,
905 3473 983 3536 alios
1000 3472 1064 3535 hoc
1080 3471 1121 3535 dc
1137 3471 1263 3537 reddita
1280 3476 1353 3537 seni

270 3589 441 3668 juventute
457 3581 681 3670 interpretari3
708 3580 777 3659 ejus
795 3603 873 3643 vero
893 3579 1041 3642 tumulus
1059 3578 1256 3643 honorarius
1279 3596 1351 3643 erat

273 3716 375 3782 prope
400 3690 528 3753 Thebas
549 3687 590 3751 ad
608 3686 855 3774 Amphitryonis
882 3700 1151 3763 monumentum,
1168 3684 1349 3754 ubiloloea

273 3822 360 3866 sacra
376 3795 600 3873 celebrantur;
612 3792 685 3856 vide
703 3792 856 3857 eumdem
874 3790 1043 3855 Scholiast.
1061 3789 1103 3853 ad
1119 3792 1170 3854 Ol.
1186 3792 1251 3872 IX,
1269 3796 1342 3877 149,

193 3977 196 3983 ,
273 3926 305 3972 et
321 3908 415 3970 Nem.
433 3904 490 3983 IV,
509 3924 546 3964 21
567 3917 599 3964 et
616 3900 668 3963 32.
687 3912 793 3979 Τέμινος
804 3900 889 3961 lustau
902 3920 1004 3986 prope
1018 3898 1209 3961 Thebanam
1231 3898 1350 3961 urbem

276 4027 434 4079 memorat
450 4008 605 4073 Arrianus
616 4054 625 4086 ,
638 4006 679 4070 de
691 4005 813 4093 Exped.
827 4006 916 4069 Alex.
929 4005 984 4078 lib.
997 4006 1029 4085 1,
1040 4026 1072 4090 7,
1083 4004 1141 4068 ubi
1158 4006 1354 4091 interpretes

252 4123 359 4184 'inter
384 4139 417 4179 se
443 4112 667 4192 contendunt,
690 4135 731 4173 an
757 4112 885 4191 lucum,
910 4132 950 4172 an
975 4110 1088 4173 lanum
1114 4110 1192 4173 Iolai
1217 4111 1355 4197 intelligi
