<?xml version="1.0" encoding="UTF-8"?>
<!DOCTYPE html PUBLIC "-//W3C//DTD XHTML 1.0 Transitional//EN"
    "http://www.w3.org/TR/xhtml1/DTD/xhtml1-transitional.dtd">
<html xmlns="http://www.w3.org/1999/xhtml" xml:lang="en" lang="en">
 <head>
  <title>
</title>
<meta http-equiv="Content-Type" content="text/html;charset=utf-8" />
  <meta name='ocr-system' content='tesseract 3.04.00' />
  <meta name='ocr-capabilities' content='ocr_page ocr_carea ocr_par ocr_line ocrx_word'/>
</head>
<body>
  <div class='ocr_page' id='page_1' title='image "bibliothecaclas119lemagoog_0085.png"; bbox 0 0 2859 4975; ppageno 0'>
   <div class='ocr_carea' id='block_1_1' title="bbox 323 404 1149 490">
    <p class='ocr_par' dir='ltr' id='par_1_1' title="bbox 323 404 1149 490">
     <span class='ocr_line' id='line_1_1' title="bbox 323 404 1149 490; baseline -0.004 -21"><span class='ocrx_word' id='word_1_1' title='bbox 323 404 451 469; x_wconf 90' lang='lat' dir='ltr'><em>NOVl</em></span> <span class='ocrx_word' id='word_1_2' title='bbox 482 404 731 467; x_wconf 85' lang='lat' dir='ltr'>EDITORIS</span> <span class='ocrx_word' id='word_1_3' title='bbox 761 404 921 468; x_wconf 81' lang='lat' dir='ltr'><strong>NOTAE.</strong></span> <span class='ocrx_word' id='word_1_4' title='bbox 1110 426 1149 490; x_wconf 86' lang='lat'><em>7¹</em></span> 
     </span>
    </p>
   </div>
   <div class='ocr_carea' id='block_1_2' title="bbox 85 517 1170 667">
    <p class='ocr_par' dir='ltr' id='par_1_2' title="bbox 85 517 1170 667">
     <span class='ocr_line' id='line_1_2' title="bbox 85 517 1170 587; baseline -0.003 -18"><span class='ocrx_word' id='word_1_5' title='bbox 85 521 186 586; x_wconf 75' lang='lat' dir='ltr'><em>insigne</em></span> <span class='ocrx_word' id='word_1_6' title='bbox 196 518 369 584; x_wconf 78' lang='lat' dir='ltr'><em>superstitionis</em></span> <span class='ocrx_word' id='word_1_7' title='bbox 378 517 475 569; x_wconf 84' lang='lat' dir='ltr'><em>formas</em></span> <span class='ocrx_word' id='word_1_8' title='bbox 486 533 613 587; x_wconf 83' lang='lat' dir='ltr'><em>aprorum</em></span> <span class='ocrx_word' id='word_1_9' title='bbox 621 530 733 584; x_wconf 73' lang='lat' dir='ltr'><em>gestant.</em></span> <span class='ocrx_word' id='word_1_10' title='bbox 744 519 828 583; x_wconf 84' lang='lat' dir='ltr'><em>Idpru</em></span> <span class='ocrx_word' id='word_1_11' title='bbox 837 518 927 576; x_wconf 84' lang='lat' dir='ltr'><em>armis,</em></span> <span class='ocrx_word' id='word_1_12' title='bbox 936 518 1050 583; x_wconf 79' lang='lat' dir='ltr'><em>omnique</em></span> <span class='ocrx_word' id='word_1_13' title='bbox 1060 520 1135 568; x_wconf 79' lang='lat' dir='ltr'><em>mtela</em></span> <span class='ocrx_word' id='word_1_14' title='bbox 1144 529 1170 566; x_wconf 71' lang='lat'><em>:⁸</em></span> 
     </span>
     <span class='ocr_line' id='line_1_3' title="bbox 85 601 746 667; baseline 0.002 -17"><span class='ocrx_word' id='word_1_15' title='bbox 85 619 197 651; x_wconf 73' lang='lat' dir='ltr'><em>secanam</em></span> <span class='ocrx_word' id='word_1_16' title='bbox 206 604 261 652; x_wconf 85' lang='lat' dir='ltr'><em>dece</em></span> <span class='ocrx_word' id='word_1_17' title='bbox 271 602 385 651; x_wconf 67' lang='lat' dir='ltr'><em>oudonem</em></span> <span class='ocrx_word' id='word_1_18' title='bbox 394 603 465 651; x_wconf 88' lang='lat' dir='ltr'><em>etiarn</em></span> <span class='ocrx_word' id='word_1_19' title='bbox 474 601 537 651; x_wconf 86' lang='lat' dir='ltr'><em>inter</em></span> <span class='ocrx_word' id='word_1_20' title='bbox 546 602 625 651; x_wconf 73' lang='lat' dir='ltr'><em>hostes</em></span> <span class='ocrx_word' id='word_1_21' title='bbox 634 612 746 667; x_wconf 75' lang='lat' dir='ltr'><em>praestat.</em></span> 
     </span>
    </p>
   </div>
   <div class='ocr_carea' id='block_1_3' title="bbox 7 733 1206 4219">
    <p class='ocr_par' dir='ltr' id='par_1_3' title="bbox 84 733 1206 2141">
     <span class='ocr_line' id='line_1_4' title="bbox 123 733 1158 804; baseline 0.001 -19"><span class='ocrx_word' id='word_1_22' title='bbox 123 736 159 789; x_wconf 90' lang='lat' dir='ltr'><em>V.</em></span> <span class='ocrx_word' id='word_1_23' title='bbox 170 734 213 804; x_wconf 81' lang='lat'><em>95.</em></span> <span class='ocrx_word' id='word_1_24' title='bbox 220 740 268 787; x_wconf 81' lang='lat' dir='ltr'><em>Ast</em></span> <span class='ocrx_word' id='word_1_25' title='bbox 275 738 316 785; x_wconf 86' lang='lat' dir='ltr'><em>ubi</em></span> <span class='ocrx_word' id='word_1_26' title='bbox 326 738 453 787; x_wconf 79' lang='lat' dir='ltr'><em>Sidonicas</em></span> <span class='ocrx_word' id='word_1_27' title='bbox 462 736 524 787; x_wconf 82' lang='lat' dir='ltr'><em>inter</em></span> <span class='ocrx_word' id='word_1_28' title='bbox 531 738 608 803; x_wconf 84' lang='lat' dir='ltr'><em>pedes</em></span> <span class='ocrx_word' id='word_1_29' title='bbox 621 748 705 803; x_wconf 73' lang='lat' dir='ltr'><em>coquat</em></span> <span class='ocrx_word' id='word_1_30' title='bbox 713 738 833 787; x_wconf 64' lang='lat' dir='ltr'><em>Menas.</em></span> <span class='ocrx_word' id='word_1_31' title='bbox 841 766 876 776; x_wconf 94' lang='lat'><em>-</em></span> <span class='ocrx_word' id='word_1_32' title='bbox 883 759 895 780; x_wconf 86' lang='grc' dir='ltr'>ι</span> <span class='ocrx_word' id='word_1_33' title='bbox 904 735 990 787; x_wconf 79' lang='lat' dir='ltr'><em>Locus</em></span> <span class='ocrx_word' id='word_1_34' title='bbox 1004 733 1158 788; x_wconf 78' lang='lat' dir='ltr'><em>obscurissi-</em></span> 
     </span>
     <span class='ocr_line' id='line_1_5' title="bbox 84 817 1206 891; baseline -0.002 -19"><span class='ocrx_word' id='word_1_35' title='bbox 84 838 164 883; x_wconf 87' lang='lat' dir='ltr'><em>mus,</em></span> <span class='ocrx_word' id='word_1_36' title='bbox 176 819 203 871; x_wconf 88' lang='lat' dir='ltr'><em>in</em></span> <span class='ocrx_word' id='word_1_37' title='bbox 213 838 268 890; x_wconf 91' lang='lat' dir='ltr'><em>quo</em></span> <span class='ocrx_word' id='word_1_38' title='bbox 280 818 434 891; x_wconf 88' lang='lat' dir='ltr'><em>explicando</em></span> <span class='ocrx_word' id='word_1_39' title='bbox 445 818 522 874; x_wconf 83' lang='lat' dir='ltr'><em>valde</em></span> <span class='ocrx_word' id='word_1_40' title='bbox 533 817 696 872; x_wconf 86' lang='lat' dir='ltr'><em>desudarunt</em></span> <span class='ocrx_word' id='word_1_41' title='bbox 706 819 877 891; x_wconf 88' lang='lat' dir='ltr'><em>interpretes,</em></span> <span class='ocrx_word' id='word_1_42' title='bbox 887 818 954 871; x_wconf 87' lang='lat' dir='ltr'><em>nihil</em></span> <span class='ocrx_word' id='word_1_43' title='bbox 966 830 1052 871; x_wconf 86' lang='lat' dir='ltr'><em>tamen</em></span> <span class='ocrx_word' id='word_1_44' title='bbox 1067 819 1155 889; x_wconf 85' lang='lat' dir='ltr'><em>prose·</em></span> <span class='ocrx_word' id='word_1_45' title='bbox 1193 870 1206 885; x_wconf 69' lang='grc'><em>,</em></span> 
     </span>
     <span class='ocr_line' id='line_1_6' title="bbox 85 901 1157 975; baseline 0.001 -21"><span class='ocrx_word' id='word_1_46' title='bbox 85 914 190 956; x_wconf 85' lang='lat' dir='ltr'><strong>cerunt.</strong></span> <span class='ocrx_word' id='word_1_47' title='bbox 202 903 236 955; x_wconf 87' lang='lat' dir='ltr'><em>Et</em></span> <span class='ocrx_word' id='word_1_48' title='bbox 244 902 361 974; x_wconf 88' lang='lat' dir='ltr'><em>primum</em></span> <span class='ocrx_word' id='word_1_49' title='bbox 372 901 479 973; x_wconf 87' lang='lat' dir='ltr'><em>quidem</em></span> <span class='ocrx_word' id='word_1_50' title='bbox 489 902 597 955; x_wconf 81' lang='lat' dir='ltr'><em>Heinsio</em></span> <span class='ocrx_word' id='word_1_51' title='bbox 607 918 647 955; x_wconf 88' lang='lat' dir='ltr'><em>ast</em></span> <span class='ocrx_word' id='word_1_52' title='bbox 656 906 697 955; x_wconf 81' lang='lat' dir='ltr'><em>abi</em></span> <span class='ocrx_word' id='word_1_53' title='bbox 704 922 758 957; x_wconf 86' lang='lat' dir='ltr'><em>uon</em></span> <span class='ocrx_word' id='word_1_54' title='bbox 769 904 830 956; x_wconf 90' lang='lat' dir='ltr'><em>satis</em></span> <span class='ocrx_word' id='word_1_55' title='bbox 839 914 899 975; x_wconf 85' lang='lat' dir='ltr'><em>apte</em></span> <span class='ocrx_word' id='word_1_56' title='bbox 910 902 1071 973; x_wconf 85' lang='lat' dir='ltr'><em>respondere</em></span> <span class='ocrx_word' id='word_1_57' title='bbox 1082 901 1157 955; x_wconf 80' lang='lat' dir='ltr'><em>ride-</em></span> 
     </span>
     <span class='ocr_line' id='line_1_7' title="bbox 86 986 1157 1061; baseline -0.001 -22"><span class='ocrx_word' id='word_1_58' title='bbox 86 1000 132 1041; x_wconf 88' lang='lat' dir='ltr'><em>tur</em></span> <span class='ocrx_word' id='word_1_59' title='bbox 144 988 266 1061; x_wconf 84' lang='lat' dir='ltr'><em>sequenti</em></span> <span class='ocrx_word' id='word_1_60' title='bbox 278 990 356 1051; x_wconf 86' lang='lat' dir='ltr'><em>illinc,</em></span> <span class='ocrx_word' id='word_1_61' title='bbox 367 1000 526 1061; x_wconf 89' lang='lat' dir='ltr'><em>quapropter</em></span> <span class='ocrx_word' id='word_1_62' title='bbox 539 988 640 1041; x_wconf 81' lang='lat' dir='ltr'><em>mavult</em></span> <span class='ocrx_word' id='word_1_63' title='bbox 656 988 696 1041; x_wconf 83' lang='lat' dir='ltr'><em>rel</em></span> <span class='ocrx_word' id='word_1_64' title='bbox 715 992 790 1049; x_wconf 74' lang='lat' dir='ltr'><em>binc,</em></span> <span class='ocrx_word' id='word_1_65' title='bbox 805 987 847 1041; x_wconf 83' lang='lat' dir='ltr'><em>vel</em></span> <span class='ocrx_word' id='word_1_66' title='bbox 855 1002 931 1056; x_wconf 87' lang='lat' dir='ltr'><em>post,·</em></span> <span class='ocrx_word' id='word_1_67' title='bbox 943 986 1058 1053; x_wconf 84' lang='lat' dir='ltr'><em>deinde,</em></span> <span class='ocrx_word' id='word_1_68' title='bbox 1072 1005 1157 1058; x_wconf 85' lang='lat' dir='ltr'><em>quum</em></span> 
     </span>
     <span class='ocr_line' id='line_1_8' title="bbox 86 1069 1157 1144; baseline -0.001 -20"><span class='ocrx_word' id='word_1_69' title='bbox 86 1072 205 1136; x_wconf 91' lang='lat' dir='ltr'><em>Strabo,</em></span> <span class='ocrx_word' id='word_1_70' title='bbox 219 1072 336 1137; x_wconf 86' lang='lat' dir='ltr'><em>libVII,</em></span> <span class='ocrx_word' id='word_1_71' title='bbox 351 1091 376 1125; x_wconf 91' lang='lat' dir='ltr'><em>c.</em></span> <span class='ocrx_word' id='word_1_72' title='bbox 387 1075 419 1125; x_wconf 89' lang='lat'><em>16</em></span> <span class='ocrx_word' id='word_1_73' title='bbox 429 1109 437 1135; x_wconf 94' lang='lat'><em>,</em></span> <span class='ocrx_word' id='word_1_74' title='bbox 446 1071 555 1127; x_wconf 85' lang='lat' dir='ltr'><em>Sidonas</em></span> <span class='ocrx_word' id='word_1_75' title='bbox 567 1072 753 1125; x_wconf 78' lang='lat' dir='ltr'><strong>Bastarnarum</strong></span> <span class='ocrx_word' id='word_1_76' title='bbox 766 1077 870 1142; x_wconf 79' lang='lat' dir='ltr'><em>partem</em></span> <span class='ocrx_word' id='word_1_77' title='bbox 883 1070 963 1124; x_wconf 85' lang='lat' dir='ltr'><em>inisse</em></span> <span class='ocrx_word' id='word_1_78' title='bbox 975 1069 1075 1144; x_wconf 72' lang='lat' dir='ltr'><em>undat,</em></span> <span class='ocrx_word' id='word_1_79' title='bbox 1084 1069 1157 1123; x_wconf 88' lang='lat' dir='ltr'><em>idem</em></span> 
     </span>
     <span class='ocr_line' id='line_1_9' title="bbox 87 1151 1157 1226; baseline -0.002 -18"><span class='ocrx_word' id='word_1_80' title='bbox 87 1156 130 1208; x_wconf 87' lang='lat' dir='ltr'><em>vir</em></span> <span class='ocrx_word' id='word_1_81' title='bbox 140 1156 207 1210; x_wconf 90' lang='lat' dir='ltr'><em>olim</em></span> <span class='ocrx_word' id='word_1_82' title='bbox 221 1155 405 1220; x_wconf 88' lang='lat' dir='ltr'><em>doctissimus,</em></span> <span class='ocrx_word' id='word_1_83' title='bbox 419 1174 452 1209; x_wconf 88' lang='lat' dir='ltr'><em>ne</em></span> <span class='ocrx_word' id='word_1_84' title='bbox 466 1155 587 1209; x_wconf 88' lang='lat' dir='ltr'><em>eumdem</em></span> <span class='ocrx_word' id='word_1_85' title='bbox 600 1154 729 1226; x_wconf 90' lang='lat' dir='ltr'><em>populum</em></span> <span class='ocrx_word' id='word_1_86' title='bbox 738 1154 860 1206; x_wconf 88' lang='lat' dir='ltr'><em>Valerius</em></span> <span class='ocrx_word' id='word_1_87' title='bbox 872 1153 912 1206; x_wconf 89' lang='lat' dir='ltr'><em>bis</em></span> <span class='ocrx_word' id='word_1_88' title='bbox 925 1153 1042 1225; x_wconf 80' lang='lat' dir='ltr'><em>posuisse</em></span> <span class='ocrx_word' id='word_1_89' title='bbox 1053 1151 1157 1208; x_wconf 83' lang='lat' dir='ltr'><em>videre·</em></span> 
     </span>
     <span class='ocr_line' id='line_1_10' title="bbox 86 1236 1157 1311; baseline -0.002 -20"><span class='ocrx_word' id='word_1_90' title='bbox 86 1252 132 1291; x_wconf 90' lang='lat' dir='ltr'><em>tur</em></span> <span class='ocrx_word' id='word_1_91' title='bbox 145 1238 238 1311; x_wconf 85' lang='lat' dir='ltr'><em>(quod</em></span> <span class='ocrx_word' id='word_1_92' title='bbox 251 1250 339 1291; x_wconf 87' lang='lat' dir='ltr'><em>tamen</em></span> <span class='ocrx_word' id='word_1_93' title='bbox 352 1238 419 1291; x_wconf 86' lang='lat' dir='ltr'><em>nihil</em></span> <span class='ocrx_word' id='word_1_94' title='bbox 433 1258 476 1291; x_wconf 87' lang='lat' dir='ltr'><em>me</em></span> <span class='ocrx_word' id='word_1_95' title='bbox 489 1251 591 1301; x_wconf 84' lang='lat' dir='ltr'><em>movet,</em></span> <span class='ocrx_word' id='word_1_96' title='bbox 606 1257 688 1310; x_wconf 90' lang='lat' dir='ltr'><em>quum</em></span> <span class='ocrx_word' id='word_1_97' title='bbox 703 1238 783 1291; x_wconf 89' lang='lat' dir='ltr'><em>nnius</em></span> <span class='ocrx_word' id='word_1_98' title='bbox 797 1238 883 1310; x_wconf 75' lang='lat' dir='ltr'><em>gentis</em></span> <span class='ocrx_word' id='word_1_99' title='bbox 895 1238 985 1309; x_wconf 90' lang='lat' dir='ltr'><em>plures</em></span> <span class='ocrx_word' id='word_1_100' title='bbox 997 1237 1115 1290; x_wconf 86' lang='lat' dir='ltr'><em>nationes</em></span> <span class='ocrx_word' id='word_1_101' title='bbox 1128 1236 1157 1288; x_wconf 89' lang='lat' dir='ltr'><em>in</em></span> 
     </span>
     <span class='ocr_line' id='line_1_11' title="bbox 88 1321 1156 1396; baseline -0.005 -20"><span class='ocrx_word' id='word_1_102' title='bbox 88 1322 186 1376; x_wconf 89' lang='lat' dir='ltr'><em>eodem</em></span> <span class='ocrx_word' id='word_1_103' title='bbox 200 1322 317 1375; x_wconf 84' lang='lat' dir='ltr'><em>exercitu</em></span> <span class='ocrx_word' id='word_1_104' title='bbox 328 1322 427 1392; x_wconf 88' lang='lat' dir='ltr'><em>possint</em></span> <span class='ocrx_word' id='word_1_105' title='bbox 438 1321 559 1375; x_wconf 90' lang='lat' dir='ltr'><em>militiam</em></span> <span class='ocrx_word' id='word_1_106' title='bbox 573 1323 677 1393; x_wconf 78' lang='lat' dir='ltr'><em>agere),</em></span> <span class='ocrx_word' id='word_1_107' title='bbox 688 1341 738 1392; x_wconf 92' lang='lat' dir='ltr'><em>pro</em></span> <span class='ocrx_word' id='word_1_108' title='bbox 750 1324 879 1374; x_wconf 78' lang='lat' dir='ltr'><em>Sidonicas</em></span> <span class='ocrx_word' id='word_1_109' title='bbox 892 1325 1039 1396; x_wconf 86' lang='lat' dir='ltr'><em>conjecerat</em></span> <span class='ocrx_word' id='word_1_110' title='bbox 1051 1325 1156 1372; x_wconf 80' lang='lat' dir='ltr'><em>Essedo-</em></span> 
     </span>
     <span class='ocr_line' id='line_1_12' title="bbox 88 1405 1157 1479; baseline -0.001 -21"><span class='ocrx_word' id='word_1_111' title='bbox 88 1410 161 1458; x_wconf 87' lang='lat' dir='ltr'><em>nicas</em></span> <span class='ocrx_word' id='word_1_112' title='bbox 171 1446 178 1469; x_wconf 93' lang='lat'><em>,</em></span> <span class='ocrx_word' id='word_1_113' title='bbox 188 1418 215 1459; x_wconf 91' lang='lat' dir='ltr'><em>et</em></span> <span class='ocrx_word' id='word_1_114' title='bbox 225 1408 275 1459; x_wconf 87' lang='lat' dir='ltr'><em>sub</em></span> <span class='ocrx_word' id='word_1_115' title='bbox 283 1424 349 1459; x_wconf 88' lang='lat' dir='ltr'><em>voce</em></span> <span class='ocrx_word' id='word_1_116' title='bbox 359 1410 429 1467; x_wconf 85' lang='lat' dir='ltr'><em>inter,</em></span> <span class='ocrx_word' id='word_1_117' title='bbox 442 1424 539 1458; x_wconf 85' lang='lat' dir='ltr'><em>nomen</em></span> <span class='ocrx_word' id='word_1_118' title='bbox 551 1405 661 1479; x_wconf 76' lang='lat' dir='ltr'><em>aliquod</em></span> <span class='ocrx_word' id='word_1_119' title='bbox 672 1407 757 1477; x_wconf 85' lang='lat' dir='ltr'><em>gentis</em></span> <span class='ocrx_word' id='word_1_120' title='bbox 767 1405 919 1459; x_wconf 73' lang='lat' dir='ltr'><em>delitescere</em></span> <span class='ocrx_word' id='word_1_121' title='bbox 927 1406 1073 1477; x_wconf 87' lang='lat' dir='ltr'><em>suspicatus</em></span> <span class='ocrx_word' id='word_1_122' title='bbox 1085 1416 1157 1469; x_wconf 86' lang='lat' dir='ltr'><em>erat,</em></span> 
     </span>
     <span class='ocr_line' id='line_1_13' title="bbox 88 1488 1157 1561; baseline 0 -20"><span class='ocrx_word' id='word_1_123' title='bbox 88 1489 117 1541; x_wconf 91' lang='lat' dir='ltr'><em>in</em></span> <span class='ocrx_word' id='word_1_124' title='bbox 126 1508 181 1560; x_wconf 90' lang='lat' dir='ltr'><em>quo</em></span> <span class='ocrx_word' id='word_1_125' title='bbox 191 1488 393 1560; x_wconf 81' lang='lat' dir='ltr'><em>adstipulantem</em></span> <span class='ocrx_word' id='word_1_126' title='bbox 404 1488 495 1540; x_wconf 90' lang='lat' dir='ltr'><em>babuit</em></span> <span class='ocrx_word' id='word_1_127' title='bbox 504 1489 693 1541; x_wconf 78' lang='lat' dir='ltr'><em>burmannum.</em></span> <span class='ocrx_word' id='word_1_128' title='bbox 705 1489 773 1541; x_wconf 84' lang='lat' dir='ltr'><em>Mihi</em></span> <span class='ocrx_word' id='word_1_129' title='bbox 783 1488 880 1561; x_wconf 81' lang='lat' dir='ltr'><em>igitur,</em></span> <span class='ocrx_word' id='word_1_130' title='bbox 890 1490 1047 1560; x_wconf 73' lang='lat' dir='ltr'><em>prasertim,</em></span> <span class='ocrx_word' id='word_1_131' title='bbox 1057 1508 1083 1542; x_wconf 85' lang='lat' dir='ltr'><em>v.</em></span> <span class='ocrx_word' id='word_1_132' title='bbox 1095 1488 1157 1559; x_wconf 84' lang='lat'><em>750,</em></span> 
     </span>
     <span class='ocr_line' id='line_1_14' title="bbox 89 1571 1160 1645; baseline 0 -21"><span class='ocrx_word' id='word_1_133' title='bbox 89 1574 274 1645; x_wconf 88' lang='lat' dir='ltr'><em>comparanti,</em></span> <span class='ocrx_word' id='word_1_134' title='bbox 295 1572 374 1625; x_wconf 89' lang='lat' dir='ltr'><em>talem</em></span> <span class='ocrx_word' id='word_1_135' title='bbox 399 1571 527 1627; x_wconf 83' lang='lat' dir='ltr'><em>invenisse</em></span> <span class='ocrx_word' id='word_1_136' title='bbox 546 1584 651 1643; x_wconf 83' lang='lat' dir='ltr'><em>gentem</em></span> <span class='ocrx_word' id='word_1_137' title='bbox 675 1572 741 1625; x_wconf 92' lang='lat' dir='ltr'><em>olim</em></span> <span class='ocrx_word' id='word_1_138' title='bbox 765 1572 894 1636; x_wconf 84' lang='lat' dir='ltr'><em>videbar,</em></span> <span class='ocrx_word' id='word_1_139' title='bbox 916 1573 1087 1645; x_wconf 82' lang='lat' dir='ltr'><em>legebamque</em></span> <span class='ocrx_word' id='word_1_140' title='bbox 1103 1576 1160 1624; x_wconf 82' lang='lat' dir='ltr'><em>tter</em></span> 
     </span>
     <span class='ocr_line' id='line_1_15' title="bbox 89 1654 1158 1730; baseline -0.001 -23"><span class='ocrx_word' id='word_1_141' title='bbox 89 1674 140 1725; x_wconf 89' lang='lat' dir='ltr'><em>pro</em></span> <span class='ocrx_word' id='word_1_142' title='bbox 159 1658 232 1721; x_wconf 87' lang='lat' dir='ltr'><em>inter,</em></span> <span class='ocrx_word' id='word_1_143' title='bbox 248 1674 327 1726; x_wconf 86' lang='lat' dir='ltr'><em>quam</em></span> <span class='ocrx_word' id='word_1_144' title='bbox 349 1666 436 1707; x_wconf 90' lang='lat' dir='ltr'><em>tamen</em></span> <span class='ocrx_word' id='word_1_145' title='bbox 458 1656 639 1725; x_wconf 85' lang='lat' dir='ltr'><em>conjecturam</em></span> <span class='ocrx_word' id='word_1_146' title='bbox 652 1666 742 1725; x_wconf 83' lang='lat' dir='ltr'><em>postea</em></span> <span class='ocrx_word' id='word_1_147' title='bbox 763 1674 815 1708; x_wconf 91' lang='lat' dir='ltr'><em>una</em></span> <span class='ocrx_word' id='word_1_148' title='bbox 834 1654 921 1708; x_wconf 82' lang='lat' dir='ltr'><em>delevi</em></span> <span class='ocrx_word' id='word_1_149' title='bbox 938 1655 1032 1719; x_wconf 89' lang='lat' dir='ltr'><em>litura,</em></span> <span class='ocrx_word' id='word_1_150' title='bbox 1048 1655 1158 1730; x_wconf 84' lang='lat' dir='ltr'><em>partim,</em></span> 
     </span>
     <span class='ocr_line' id='line_1_16' title="bbox 90 1736 1158 1810; baseline 0.002 -20"><span class='ocrx_word' id='word_1_151' title='bbox 90 1736 167 1809; x_wconf 90' lang='lat' dir='ltr'><em>quod</em></span> <span class='ocrx_word' id='word_1_152' title='bbox 179 1738 293 1809; x_wconf 88' lang='lat' dir='ltr'><em>primam</em></span> <span class='ocrx_word' id='word_1_153' title='bbox 306 1737 433 1809; x_wconf 81' lang='lat' dir='ltr'><em>syllabam</em></span> <span class='ocrx_word' id='word_1_154' title='bbox 447 1738 475 1789; x_wconf 88' lang='lat' dir='ltr'><em>in</em></span> <span class='ocrx_word' id='word_1_155' title='bbox 488 1740 564 1787; x_wconf 85' lang='lat' dir='ltr'><em>Iberis</em></span> <span class='ocrx_word' id='word_1_156' title='bbox 577 1736 676 1807; x_wconf 90' lang='lat' dir='ltr'><em>ubique</em></span> <span class='ocrx_word' id='word_1_157' title='bbox 689 1750 840 1809; x_wconf 84' lang='lat' dir='ltr'><em>correptam</em></span> <span class='ocrx_word' id='word_1_158' title='bbox 854 1738 1032 1809; x_wconf 87' lang='lat' dir='ltr'><em>deprehendi,</em></span> <span class='ocrx_word' id='word_1_159' title='bbox 1041 1738 1158 1810; x_wconf 87' lang='lat' dir='ltr'><em>partim,</em></span> 
     </span>
     <span class='ocr_line' id='line_1_17' title="bbox 90 1820 1161 1893; baseline 0.003 -20"><span class='ocrx_word' id='word_1_160' title='bbox 90 1820 168 1893; x_wconf 89' lang='lat' dir='ltr'><em>quod</em></span> <span class='ocrx_word' id='word_1_161' title='bbox 179 1822 248 1874; x_wconf 86' lang='lat' dir='ltr'><em>lberi</em></span> <span class='ocrx_word' id='word_1_162' title='bbox 258 1823 365 1875; x_wconf 88' lang='lat' dir='ltr'><em>seorsim</em></span> <span class='ocrx_word' id='word_1_163' title='bbox 373 1833 533 1888; x_wconf 88' lang='lat' dir='ltr'><em>occurrunt,</em></span> <span class='ocrx_word' id='word_1_164' title='bbox 547 1840 573 1874; x_wconf 86' lang='lat' dir='ltr'><em>v.</em></span> <span class='ocrx_word' id='word_1_165' title='bbox 586 1840 644 1873; x_wconf 77' lang='lat'>1²0.</span> <span class='ocrx_word' id='word_1_166' title='bbox 651 1820 741 1874; x_wconf 89' lang='lat' dir='ltr'><em>Variis</em></span> <span class='ocrx_word' id='word_1_167' title='bbox 750 1859 758 1885; x_wconf 93' lang='lat'><em>,</em></span> <span class='ocrx_word' id='word_1_168' title='bbox 767 1822 864 1893; x_wconf 86' lang='lat' dir='ltr'><em>quibus</em></span> <span class='ocrx_word' id='word_1_169' title='bbox 877 1822 1022 1875; x_wconf 75' lang='lat' dir='ltr'><em>faciliorem</em></span> <span class='ocrx_word' id='word_1_170' title='bbox 1033 1822 1092 1876; x_wconf 91' lang='lat' dir='ltr'><em>loco</em></span> <span class='ocrx_word' id='word_1_171' title='bbox 1102 1842 1161 1876; x_wconf 87' lang='lat' dir='ltr'><em>sen·</em></span> 
     </span>
     <span class='ocr_line' id='line_1_18' title="bbox 92 1902 1160 1979; baseline 0.004 -24"><span class='ocrx_word' id='word_1_172' title='bbox 92 1922 154 1955; x_wconf 90' lang='lat' dir='ltr'><em>sum</em></span> <span class='ocrx_word' id='word_1_173' title='bbox 167 1902 225 1957; x_wconf 89' lang='lat' dir='ltr'><em>dari</em></span> <span class='ocrx_word' id='word_1_174' title='bbox 235 1910 310 1975; x_wconf 85' lang='lat' dir='ltr'><em>posse</em></span> <span class='ocrx_word' id='word_1_175' title='bbox 319 1904 453 1976; x_wconf 81' lang='lat' dir='ltr'><em>opinarer,</em></span> <span class='ocrx_word' id='word_1_176' title='bbox 466 1904 617 1976; x_wconf 77' lang='lat' dir='ltr'><em>excogitatis</em></span> <span class='ocrx_word' id='word_1_177' title='bbox 627 1944 635 1969; x_wconf 86' lang='lat'><em>,</em></span> <span class='ocrx_word' id='word_1_178' title='bbox 647 1903 754 1957; x_wconf 90' lang='lat' dir='ltr'><em>tandem</em></span> <span class='ocrx_word' id='word_1_179' title='bbox 767 1923 821 1956; x_wconf 89' lang='lat' dir='ltr'><em>una</em></span> <span class='ocrx_word' id='word_1_180' title='bbox 834 1904 909 1957; x_wconf 89' lang='lat' dir='ltr'><em>litera</em></span> <span class='ocrx_word' id='word_1_181' title='bbox 922 1918 1040 1959; x_wconf 68' lang='lat' dir='ltr'><em>mutata:</em></span> <span class='ocrx_word' id='word_1_182' title='bbox 1055 1912 1098 1957; x_wconf 77' lang='lat' dir='ltr'><em>Est</em></span> <span class='ocrx_word' id='word_1_183' title='bbox 1109 1925 1160 1979; x_wconf 88' lang='lat' dir='ltr'><em>pro</em></span> 
     </span>
     <span class='ocr_line' id='line_1_19' title="bbox 91 1986 1160 2059; baseline 0.006 -22"><span class='ocrx_word' id='word_1_184' title='bbox 91 1993 157 2047; x_wconf 85' lang='lat' dir='ltr'><em>Ast,</em></span> <span class='ocrx_word' id='word_1_185' title='bbox 171 1987 276 2049; x_wconf 89' lang='lat' dir='ltr'><em>omnia,</em></span> <span class='ocrx_word' id='word_1_186' title='bbox 295 1986 333 2038; x_wconf 90' lang='lat' dir='ltr'><em>nti</em></span> <span class='ocrx_word' id='word_1_187' title='bbox 349 1989 452 2059; x_wconf 84' lang='lat' dir='ltr'><em>jacent,</em></span> <span class='ocrx_word' id='word_1_188' title='bbox 467 1987 564 2040; x_wconf 86' lang='lat' dir='ltr'><em>servari</em></span> <span class='ocrx_word' id='word_1_189' title='bbox 579 2005 655 2057; x_wconf 84' lang='lat' dir='ltr'><em>posse</em></span> <span class='ocrx_word' id='word_1_190' title='bbox 670 1986 782 2039; x_wconf 86' lang='lat' dir='ltr'><em>credidi.</em></span> <span class='ocrx_word' id='word_1_191' title='bbox 800 1993 844 2039; x_wconf 79' lang='lat' dir='ltr'><em>Est</em></span> <span class='ocrx_word' id='word_1_192' title='bbox 858 1993 914 2050; x_wconf 84' lang='lat' dir='ltr'><em>ubi,</em></span> <span class='ocrx_word' id='word_1_193' title='bbox 929 1990 947 2040; x_wconf 92' lang='lat' dir='ltr'><em>i.</em></span> <span class='ocrx_word' id='word_1_194' title='bbox 962 2008 985 2042; x_wconf 90' lang='lat' dir='ltr'><em>e.</em></span> <span class='ocrx_word' id='word_1_195' title='bbox 999 1990 1160 2058; x_wconf 77' lang='lat' dir='ltr'><em>binc(bnbes</em></span> 
     </span>
     <span class='ocr_line' id='line_1_20' title="bbox 92 2064 1161 2141; baseline 0.006 -26"><span class='ocrx_word' id='word_1_196' title='bbox 92 2064 186 2135; x_wconf 83' lang='lat' dir='ltr'><em>igitur,</em></span> <span class='ocrx_word' id='word_1_197' title='bbox 198 2064 269 2136; x_wconf 91' lang='lat' dir='ltr'><em>qnod</em></span> <span class='ocrx_word' id='word_1_198' title='bbox 280 2076 428 2136; x_wconf 90' lang='lat' dir='ltr'><em>opponatur</em></span> <span class='ocrx_word' id='word_1_199' title='bbox 440 2076 475 2141; x_wconf 71' lang='grc' dir='ltr'><em>τῷ</em></span> <span class='ocrx_word' id='word_1_200' title='bbox 486 2067 554 2117; x_wconf 84' lang='lat' dir='ltr'><em>illinc</em></span> <span class='ocrx_word' id='word_1_201' title='bbox 563 2070 590 2137; x_wconf 91' lang='lat'><em>),</em></span> <span class='ocrx_word' id='word_1_202' title='bbox 600 2068 728 2117; x_wconf 78' lang='lat' dir='ltr'><em>Sidonicas</em></span> <span class='ocrx_word' id='word_1_203' title='bbox 738 2068 882 2134; x_wconf 66' lang='lat' dir='ltr'><em>interpelles</em></span> <span class='ocrx_word' id='word_1_204' title='bbox 893 2081 977 2135; x_wconf 80' lang='lat' dir='ltr'><em>oeqreat</em></span> <span class='ocrx_word' id='word_1_205' title='bbox 985 2071 1095 2119; x_wconf 75' lang='lat' dir='ltr'><em>habenas</em></span> <span class='ocrx_word' id='word_1_206' title='bbox 1104 2070 1161 2136; x_wconf 90' lang='lat' dir='ltr'><em>(est</em></span> 
     </span>
    </p>

    <p class='ocr_par' dir='ltr' id='par_1_4' title="bbox 7 2146 1161 3054">
     <span class='ocr_line' id='line_1_21' title="bbox 7 2146 1160 2221; baseline 0.003 -21"><span class='ocrx_word' id='word_1_207' title='bbox 7 2170 9 2175; x_wconf 87' lang='lat'><em>·</em></span> <span class='ocrx_word' id='word_1_208' title='bbox 92 2148 141 2200; x_wconf 91' lang='lat' dir='ltr'><em>ubi</em></span> <span class='ocrx_word' id='word_1_209' title='bbox 156 2148 223 2201; x_wconf 88' lang='lat' dir='ltr'><em>inter</em></span> <span class='ocrx_word' id='word_1_210' title='bbox 232 2148 258 2201; x_wconf 91' lang='lat' dir='ltr'><em>S.</em></span> <span class='ocrx_word' id='word_1_211' title='bbox 267 2148 384 2201; x_wconf 83' lang='lat' dir='ltr'><em>habenas</em></span> <span class='ocrx_word' id='word_1_212' title='bbox 400 2146 478 2218; x_wconf 88' lang='lat' dir='ltr'><em>pedes</em></span> <span class='ocrx_word' id='word_1_213' title='bbox 491 2151 595 2219; x_wconf 76' lang='lat' dir='ltr'><em>aequat)</em></span> <span class='ocrx_word' id='word_1_214' title='bbox 610 2148 661 2201; x_wconf 92' lang='lat' dir='ltr'><em>hoc</em></span> <span class='ocrx_word' id='word_1_215' title='bbox 676 2167 768 2200; x_wconf 89' lang='lat' dir='ltr'><em>sensu:</em></span> <span class='ocrx_word' id='word_1_216' title='bbox 781 2150 838 2220; x_wconf 88' lang='lat' dir='ltr'><em>pari</em></span> <span class='ocrx_word' id='word_1_217' title='bbox 853 2148 973 2220; x_wconf 90' lang='lat' dir='ltr'><em>peditum</em></span> <span class='ocrx_word' id='word_1_218' title='bbox 987 2150 1160 2221; x_wconf 86' lang='lat' dir='ltr'><em>equitumque</em></span> 
     </span>
     <span class='ocr_line' id='line_1_22' title="bbox 91 2230 1158 2300; baseline 0.004 -17"><span class='ocrx_word' id='word_1_219' title='bbox 91 2248 207 2283; x_wconf 89' lang='lat' dir='ltr'><em>numero</em></span> <span class='ocrx_word' id='word_1_220' title='bbox 216 2232 245 2282; x_wconf 90' lang='lat' dir='ltr'><em>in</em></span> <span class='ocrx_word' id='word_1_221' title='bbox 256 2230 355 2283; x_wconf 89' lang='lat' dir='ltr'><em>bellum</em></span> <span class='ocrx_word' id='word_1_222' title='bbox 369 2232 474 2284; x_wconf 88' lang='lat' dir='ltr'><em>iverunt</em></span> <span class='ocrx_word' id='word_1_223' title='bbox 488 2232 608 2285; x_wconf 85' lang='lat' dir='ltr'><em>Sidones.</em></span> <span class='ocrx_word' id='word_1_224' title='bbox 619 2237 731 2300; x_wconf 85' lang='lat' dir='ltr'><em>AEqrare</em></span> <span class='ocrx_word' id='word_1_225' title='bbox 744 2232 837 2286; x_wconf 89' lang='lat' dir='ltr'><em>eodem</em></span> <span class='ocrx_word' id='word_1_226' title='bbox 852 2252 931 2286; x_wconf 89' lang='lat' dir='ltr'><em>sensu</em></span> <span class='ocrx_word' id='word_1_227' title='bbox 944 2234 1084 2297; x_wconf 70' lang='lat' dir='ltr'><em>estinan,</em></span> <span class='ocrx_word' id='word_1_228' title='bbox 1099 2238 1158 2287; x_wconf 87' lang='lat'>160.</span> 
     </span>
     <span class='ocr_line' id='line_1_23' title="bbox 90 2315 1160 2387; baseline 0.002 -20"><span class='ocrx_word' id='word_1_229' title='bbox 90 2315 205 2368; x_wconf 87' lang='lat' dir='ltr'><em>Meliora</em></span> <span class='ocrx_word' id='word_1_230' title='bbox 214 2334 285 2368; x_wconf 89' lang='lat' dir='ltr'><em>nunc</em></span> <span class='ocrx_word' id='word_1_231' title='bbox 294 2334 348 2368; x_wconf 93' lang='lat' dir='ltr'><em>non</em></span> <span class='ocrx_word' id='word_1_232' title='bbox 357 2316 451 2369; x_wconf 86' lang='lat' dir='ltr'><em>habeo.</em></span> <span class='ocrx_word' id='word_1_233' title='bbox 464 2348 493 2355; x_wconf 98' lang='lat'><em>-</em></span> <span class='ocrx_word' id='word_1_234' title='bbox 505 2317 560 2369; x_wconf 91' lang='lat' dir='ltr'><em>Nec</em></span> <span class='ocrx_word' id='word_1_235' title='bbox 576 2316 663 2370; x_wconf 87' lang='lat' dir='ltr'><em>minus</em></span> <span class='ocrx_word' id='word_1_236' title='bbox 676 2315 818 2387; x_wconf 85' lang='lat' dir='ltr'><em>impeditos</em></span> <span class='ocrx_word' id='word_1_237' title='bbox 834 2330 885 2383; x_wconf 90' lang='lat' dir='ltr'><em>est,</em></span> <span class='ocrx_word' id='word_1_238' title='bbox 894 2337 922 2371; x_wconf 83' lang='lat' dir='ltr'><em>v.</em></span> <span class='ocrx_word' id='word_1_239' title='bbox 933 2322 974 2385; x_wconf 88' lang='lat'><em>96.</em></span> <span class='ocrx_word' id='word_1_240' title='bbox 985 2321 1058 2370; x_wconf 86' lang='lat' dir='ltr'><em>Illinc</em></span> <span class='ocrx_word' id='word_1_241' title='bbox 1061 2320 1160 2386; x_wconf 83' lang='lat' dir='ltr'><em>juratos</em></span> 
     </span>
     <span class='ocr_line' id='line_1_24' title="bbox 90 2399 1161 2472; baseline 0.002 -22"><span class='ocrx_word' id='word_1_242' title='bbox 90 2418 175 2450; x_wconf 86' lang='lat' dir='ltr'><em>secam</em></span> <span class='ocrx_word' id='word_1_243' title='bbox 195 2403 268 2450; x_wconf 75' lang='lat' dir='ltr'><em>traicit</em></span> <span class='ocrx_word' id='word_1_244' title='bbox 285 2403 334 2449; x_wconf 89' lang='lat' dir='ltr'><em>AEa</em></span> <span class='ocrx_word' id='word_1_245' title='bbox 351 2405 482 2451; x_wconf 84' lang='lat' dir='ltr'><em>Batemas.</em></span> <span class='ocrx_word' id='word_1_246' title='bbox 501 2399 575 2464; x_wconf 91' lang='lat' dir='ltr'><em>Quid</em></span> <span class='ocrx_word' id='word_1_247' title='bbox 591 2399 684 2454; x_wconf 81' lang='lat' dir='ltr'><em>enim?</em></span> <span class='ocrx_word' id='word_1_248' title='bbox 696 2404 746 2455; x_wconf 84' lang='lat' dir='ltr'><em>AEa</em></span> <span class='ocrx_word' id='word_1_249' title='bbox 762 2419 846 2472; x_wconf 89' lang='lat' dir='ltr'><em>quum</em></span> <span class='ocrx_word' id='word_1_250' title='bbox 861 2400 1021 2454; x_wconf 80' lang='lat' dir='ltr'><em>Colchorum</em></span> <span class='ocrx_word' id='word_1_251' title='bbox 1043 2400 1089 2463; x_wconf 92' lang='lat' dir='ltr'><em>sit,</em></span> <span class='ocrx_word' id='word_1_252' title='bbox 1106 2419 1161 2452; x_wconf 91' lang='lat' dir='ltr'><em>non</em></span> 
     </span>
     <span class='ocr_line' id='line_1_25' title="bbox 90 2480 1160 2555; baseline -0.002 -19"><span class='ocrx_word' id='word_1_253' title='bbox 90 2483 265 2554; x_wconf 85' lang='lat' dir='ltr'><em>Scytharum,</em></span> <span class='ocrx_word' id='word_1_254' title='bbox 274 2482 307 2535; x_wconf 91' lang='lat' dir='ltr'><em>de</em></span> <span class='ocrx_word' id='word_1_255' title='bbox 317 2482 413 2553; x_wconf 87' lang='lat' dir='ltr'><em>quibus</em></span> <span class='ocrx_word' id='word_1_256' title='bbox 422 2483 468 2537; x_wconf 90' lang='lat' dir='ltr'><em>bic</em></span> <span class='ocrx_word' id='word_1_257' title='bbox 479 2503 581 2548; x_wconf 87' lang='lat' dir='ltr'><em>sermo,</em></span> <span class='ocrx_word' id='word_1_258' title='bbox 592 2483 683 2537; x_wconf 86' lang='lat' dir='ltr'><em>civitas</em></span> <span class='ocrx_word' id='word_1_259' title='bbox 697 2504 797 2547; x_wconf 86' lang='lat' dir='ltr'><em>,secum</em></span> <span class='ocrx_word' id='word_1_260' title='bbox 809 2484 883 2536; x_wconf 89' lang='lat' dir='ltr'><em>nullo</em></span> <span class='ocrx_word' id='word_1_261' title='bbox 894 2480 975 2536; x_wconf 90' lang='lat' dir='ltr'><em>modo</em></span> <span class='ocrx_word' id='word_1_262' title='bbox 989 2482 1047 2535; x_wconf 85' lang='lat' dir='ltr'><em>lieri</em></span> <span class='ocrx_word' id='word_1_263' title='bbox 1057 2495 1160 2555; x_wconf 88' lang='lat' dir='ltr'><em>potest,</em></span> 
     </span>
     <span class='ocr_line' id='line_1_26' title="bbox 92 2564 1161 2637; baseline 0.005 -21"><span class='ocrx_word' id='word_1_264' title='bbox 92 2565 241 2637; x_wconf 86' lang='lat' dir='ltr'><em>lubensque</em></span> <span class='ocrx_word' id='word_1_265' title='bbox 254 2564 350 2618; x_wconf 88' lang='lat' dir='ltr'><em>accedo</em></span> <span class='ocrx_word' id='word_1_266' title='bbox 367 2567 512 2619; x_wconf 86' lang='lat' dir='ltr'><em>auctoritati</em></span> <span class='ocrx_word' id='word_1_267' title='bbox 526 2565 660 2619; x_wconf 88' lang='lat' dir='ltr'><em>Valesiani</em></span> <span class='ocrx_word' id='word_1_268' title='bbox 675 2566 775 2620; x_wconf 89' lang='lat' dir='ltr'><em>codicis</em></span> <span class='ocrx_word' id='word_1_269' title='bbox 791 2579 817 2619; x_wconf 92' lang='lat' dir='ltr'><em>et</em></span> <span class='ocrx_word' id='word_1_270' title='bbox 832 2565 954 2619; x_wconf 83' lang='lat' dir='ltr'><em>editionis</em></span> <span class='ocrx_word' id='word_1_271' title='bbox 972 2567 1161 2632; x_wconf 86' lang='lat' dir='ltr'><em>Bononiensis,</em></span> 
     </span>
     <span class='ocr_line' id='line_1_27' title="bbox 93 2647 1160 2721; baseline 0.003 -22"><span class='ocrx_word' id='word_1_272' title='bbox 93 2647 240 2718; x_wconf 85' lang='lat' dir='ltr'><em>legentium</em></span> <span class='ocrx_word' id='word_1_273' title='bbox 249 2665 256 2700; x_wconf 92' lang='lat'>:</span> <span class='ocrx_word' id='word_1_274' title='bbox 266 2652 363 2718; x_wconf 85' lang='lat' dir='ltr'><em>juratos</em></span> <span class='ocrx_word' id='word_1_275' title='bbox 373 2649 412 2701; x_wconf 88' lang='lat' dir='ltr'><em>IN</em></span> <span class='ocrx_word' id='word_1_276' title='bbox 424 2650 464 2703; x_wconf 87' lang='lat' dir='ltr'><em>SE</em></span> <span class='ocrx_word' id='word_1_277' title='bbox 474 2649 564 2721; x_wconf 90' lang='lat' dir='ltr'><em>(quod</em></span> <span class='ocrx_word' id='word_1_278' title='bbox 578 2649 649 2702; x_wconf 89' lang='lat' dir='ltr'><em>idem</em></span> <span class='ocrx_word' id='word_1_279' title='bbox 662 2667 715 2702; x_wconf 75' lang='lat' dir='ltr'><em>orm</em></span> <span class='ocrx_word' id='word_1_280' title='bbox 726 2650 884 2720; x_wconf 85' lang='lat' dir='ltr'><em>exemplaris</em></span> <span class='ocrx_word' id='word_1_281' title='bbox 897 2649 937 2702; x_wconf 91' lang='lat' dir='ltr'><em>sui</em></span> <span class='ocrx_word' id='word_1_282' title='bbox 945 2648 1090 2720; x_wconf 79' lang='lat' dir='ltr'><em>adscripsit</em></span> <span class='ocrx_word' id='word_1_283' title='bbox 1099 2651 1160 2702; x_wconf 84' lang='lat' dir='ltr'><em>Rei·</em></span> 
     </span>
     <span class='ocr_line' id='line_1_28' title="bbox 92 2732 1161 2804; baseline -0.002 -18"><span class='ocrx_word' id='word_1_284' title='bbox 92 2732 218 2800; x_wconf 86' lang='lat' dir='ltr'><em>uesius),</em></span> <span class='ocrx_word' id='word_1_285' title='bbox 233 2732 250 2784; x_wconf 90' lang='lat' dir='ltr'><em>i.</em></span> <span class='ocrx_word' id='word_1_286' title='bbox 263 2749 287 2784; x_wconf 92' lang='lat' dir='ltr'><em>e.</em></span> <span class='ocrx_word' id='word_1_287' title='bbox 300 2735 362 2800; x_wconf 85' lang='lat' dir='ltr'><em>AEa,</em></span> <span class='ocrx_word' id='word_1_288' title='bbox 371 2749 420 2785; x_wconf 81' lang='lat' dir='ltr'><em>rex</em></span> <span class='ocrx_word' id='word_1_289' title='bbox 429 2735 528 2799; x_wconf 86' lang='lat' dir='ltr'><em>AEetes,</em></span> <span class='ocrx_word' id='word_1_290' title='bbox 538 2733 635 2804; x_wconf 73' lang='lat' dir='ltr'><em>injuria</em></span> <span class='ocrx_word' id='word_1_291' title='bbox 652 2733 728 2785; x_wconf 77' lang='lat' dir='ltr'><em>fratri</em></span> <span class='ocrx_word' id='word_1_292' title='bbox 746 2733 834 2794; x_wconf 86' lang='lat' dir='ltr'><em>illata,</em></span> <span class='ocrx_word' id='word_1_293' title='bbox 848 2733 951 2797; x_wconf 80' lang='lat' dir='ltr'><em>effecit,</em></span> <span class='ocrx_word' id='word_1_294' title='bbox 967 2743 995 2785; x_wconf 90' lang='lat' dir='ltr'><em>ut</em></span> <span class='ocrx_word' id='word_1_295' title='bbox 1004 2733 1122 2785; x_wconf 74' lang='lat' dir='ltr'><em>Batesnn</em></span> <span class='ocrx_word' id='word_1_296' title='bbox 1132 2733 1161 2784; x_wconf 91' lang='lat' dir='ltr'><em>iu</em></span> 
     </span>
     <span class='ocr_line' id='line_1_29' title="bbox 94 2814 1161 2888; baseline 0.002 -21"><span class='ocrx_word' id='word_1_297' title='bbox 94 2835 156 2868; x_wconf 90' lang='lat' dir='ltr'><em>eum</em></span> <span class='ocrx_word' id='word_1_298' title='bbox 169 2817 352 2888; x_wconf 85' lang='lat' dir='ltr'><em>conjurarent,</em></span> <span class='ocrx_word' id='word_1_299' title='bbox 362 2828 388 2868; x_wconf 92' lang='lat' dir='ltr'><em>et</em></span> <span class='ocrx_word' id='word_1_300' title='bbox 397 2816 492 2869; x_wconf 79' lang='lat' dir='ltr'><em>intesta</em></span> <span class='ocrx_word' id='word_1_301' title='bbox 503 2835 582 2868; x_wconf 71' lang='lat' dir='ltr'><em>urrann</em></span> <span class='ocrx_word' id='word_1_302' title='bbox 592 2816 690 2887; x_wconf 83' lang='lat' dir='ltr'><em>regiam</em></span> <span class='ocrx_word' id='word_1_303' title='bbox 706 2819 763 2888; x_wconf 81' lang='lat' dir='ltr'><em>ejus</em></span> <span class='ocrx_word' id='word_1_304' title='bbox 774 2826 902 2886; x_wconf 86' lang='lat' dir='ltr'><em>peterent.</em></span> <span class='ocrx_word' id='word_1_305' title='bbox 912 2814 1041 2868; x_wconf 86' lang='lat' dir='ltr'><em>Eumdem</em></span> <span class='ocrx_word' id='word_1_306' title='bbox 1055 2834 1161 2869; x_wconf 87' lang='lat' dir='ltr'><em>sensum</em></span> 
     </span>
     <span class='ocr_line' id='line_1_30' title="bbox 94 2897 1161 2971; baseline 0 -20"><span class='ocrx_word' id='word_1_307' title='bbox 94 2900 225 2961; x_wconf 83' lang='lat' dir='ltr'><em>haberes,</em></span> <span class='ocrx_word' id='word_1_308' title='bbox 235 2899 256 2950; x_wconf 88' lang='lat' dir='ltr'><em>si</em></span> <span class='ocrx_word' id='word_1_309' title='bbox 274 2899 382 2970; x_wconf 88' lang='lat' dir='ltr'><em>propius</em></span> <span class='ocrx_word' id='word_1_310' title='bbox 394 2899 429 2950; x_wconf 87' lang='lat' dir='ltr'><em>ad</em></span> <span class='ocrx_word' id='word_1_311' title='bbox 441 2900 597 2971; x_wconf 88' lang='lat' dir='ltr'><em>scripturam</em></span> <span class='ocrx_word' id='word_1_312' title='bbox 612 2900 747 2970; x_wconf 78' lang='lat' dir='ltr'><em>vulgatam</em></span> <span class='ocrx_word' id='word_1_313' title='bbox 766 2899 883 2970; x_wconf 84' lang='lat' dir='ltr'><em>legeres:</em></span> <span class='ocrx_word' id='word_1_314' title='bbox 897 2901 943 2949; x_wconf 87' lang='lat' dir='ltr'><em>sibi</em></span> <span class='ocrx_word' id='word_1_315' title='bbox 961 2901 1100 2959; x_wconf 73' lang='lat' dir='ltr'><em>conuenit,-</em></span> <span class='ocrx_word' id='word_1_316' title='bbox 1114 2897 1161 2951; x_wconf 88' lang='lat' dir='ltr'><em>sed</em></span> 
     </span>
     <span class='ocr_line' id='line_1_31' title="bbox 94 2981 565 3054; baseline -0.008 -18"><span class='ocrx_word' id='word_1_317' title='bbox 94 2996 122 3036; x_wconf 88' lang='lat' dir='ltr'><em>et</em></span> <span class='ocrx_word' id='word_1_318' title='bbox 132 2984 186 3036; x_wconf 89' lang='lat' dir='ltr'><em>boc</em></span> <span class='ocrx_word' id='word_1_319' title='bbox 199 2983 295 3039; x_wconf 85' lang='lat' dir='ltr'><em>durum</em></span> <span class='ocrx_word' id='word_1_320' title='bbox 307 3009 328 3034; x_wconf 73' lang='lat' dir='ltr'><em>n.</em></span> <span class='ocrx_word' id='word_1_321' title='bbox 348 2981 391 3036; x_wconf 90' lang='lat' dir='ltr'><em>Sic</em></span> <span class='ocrx_word' id='word_1_322' title='bbox 402 2983 565 3054; x_wconf 86' lang='lat' dir='ltr'><em>Wagnerus.</em></span> 
     </span>
    </p>

    <p class='ocr_par' dir='ltr' id='par_1_5' title="bbox 94 3064 1165 4219">
     <span class='ocr_line' id='line_1_32' title="bbox 131 3064 1162 3136; baseline 0 -20"><span class='ocrx_word' id='word_1_323' title='bbox 131 3072 215 3118; x_wconf 82' lang='lat' dir='ltr'><em>Secum</em></span> <span class='ocrx_word' id='word_1_324' title='bbox 227 3066 395 3119; x_wconf 79' lang='lat' dir='ltr'><em>manifestum</em></span> <span class='ocrx_word' id='word_1_325' title='bbox 405 3077 444 3120; x_wconf 89' lang='lat' dir='ltr'><em>est</em></span> <span class='ocrx_word' id='word_1_326' title='bbox 453 3065 580 3118; x_wconf 86' lang='lat' dir='ltr'><em>mendum</em></span> <span class='ocrx_word' id='word_1_327' title='bbox 590 3064 709 3128; x_wconf 89' lang='lat' dir='ltr'><em>;c0dices</em></span> <span class='ocrx_word' id='word_1_328' title='bbox 719 3084 863 3136; x_wconf 81' lang='lat' dir='ltr'><em>omnesque</em></span> <span class='ocrx_word' id='word_1_329' title='bbox 871 3077 931 3117; x_wconf 85' lang='lat' dir='ltr'><em>ante</em></span> <span class='ocrx_word' id='word_1_330' title='bbox 940 3066 1094 3118; x_wconf 77' lang='lat' dir='ltr'><em>carrionem</em></span> <span class='ocrx_word' id='word_1_331' title='bbox 1104 3065 1162 3117; x_wconf 88' lang='lat' dir='ltr'><em>edi·</em></span> 
     </span>
     <span class='ocr_line' id='line_1_33' title="bbox 94 3146 1161 3220; baseline -0.004 -18"><span class='ocrx_word' id='word_1_332' title='bbox 94 3152 182 3204; x_wconf 88' lang='lat' dir='ltr'><em>tiones</em></span> <span class='ocrx_word' id='word_1_333' title='bbox 194 3149 294 3201; x_wconf 87' lang='lat' dir='ltr'><em>habent</em></span> <span class='ocrx_word' id='word_1_334' title='bbox 306 3153 331 3201; x_wconf 88' lang='lat' dir='ltr'><em>in</em></span> <span class='ocrx_word' id='word_1_335' title='bbox 345 3171 388 3210; x_wconf 88' lang='lat' dir='ltr'><em>sc,</em></span> <span class='ocrx_word' id='word_1_336' title='bbox 400 3168 480 3220; x_wconf 89' lang='lat' dir='ltr'><em>quam</em></span> <span class='ocrx_word' id='word_1_337' title='bbox 493 3149 632 3201; x_wconf 87' lang='lat' dir='ltr'><em>lectionem</em></span> <span class='ocrx_word' id='word_1_338' title='bbox 642 3152 670 3202; x_wconf 93' lang='lat' dir='ltr'><em>in</em></span> <span class='ocrx_word' id='word_1_339' title='bbox 680 3160 779 3201; x_wconf 88' lang='lat' dir='ltr'><em>textum</em></span> <span class='ocrx_word' id='word_1_340' title='bbox 792 3149 902 3201; x_wconf 86' lang='lat' dir='ltr'><em>restitui.</em></span> <span class='ocrx_word' id='word_1_341' title='bbox 917 3156 1030 3200; x_wconf 84' lang='lat' dir='ltr'><em>Baternoe</em></span> <span class='ocrx_word' id='word_1_342' title='bbox 1040 3149 1097 3200; x_wconf 91' lang='lat' dir='ltr'><em>sine</em></span> <span class='ocrx_word' id='word_1_343' title='bbox 1110 3146 1161 3198; x_wconf 89' lang='lat' dir='ltr'><em>du·</em></span> 
     </span>
     <span class='ocr_line' id='line_1_34' title="bbox 96 3230 1161 3296; baseline -0.005 -10"><span class='ocrx_word' id='word_1_344' title='bbox 96 3235 142 3286; x_wconf 87' lang='lat' dir='ltr'><em>bio</em></span> <span class='ocrx_word' id='word_1_345' title='bbox 154 3247 217 3286; x_wconf 88' lang='lat' dir='ltr'><em>suut</em></span> <span class='ocrx_word' id='word_1_346' title='bbox 229 3240 360 3285; x_wconf 80' lang='lat' dir='ltr'><em>Bastarna</em></span> <span class='ocrx_word' id='word_1_347' title='bbox 371 3235 412 3286; x_wconf 88' lang='lat' dir='ltr'><em>vel</em></span> <span class='ocrx_word' id='word_1_348' title='bbox 421 3240 563 3294; x_wconf 67' lang='lat' dir='ltr'><em>Basternae,</em></span> <span class='ocrx_word' id='word_1_349' title='bbox 577 3233 649 3285; x_wconf 88' lang='lat' dir='ltr'><em>natio</em></span> <span class='ocrx_word' id='word_1_350' title='bbox 659 3233 798 3285; x_wconf 89' lang='lat' dir='ltr'><em>Germanis</em></span> <span class='ocrx_word' id='word_1_351' title='bbox 809 3250 839 3283; x_wconf 92' lang='lat' dir='ltr'><em>ac</em></span> <span class='ocrx_word' id='word_1_352' title='bbox 851 3232 977 3284; x_wconf 85' lang='lat' dir='ltr'><em>Sarmatis</em></span> <span class='ocrx_word' id='word_1_353' title='bbox 987 3230 1161 3296; x_wconf 89' lang='lat' dir='ltr'><em>contermina,</em></span> 
     </span>
     <span class='ocr_line' id='line_1_35' title="bbox 97 3314 1161 3389; baseline -0.004 -19"><span class='ocrx_word' id='word_1_354' title='bbox 97 3319 210 3389; x_wconf 90' lang='lat' dir='ltr'><em>quibus,</em></span> <span class='ocrx_word' id='word_1_355' title='bbox 222 3330 251 3369; x_wconf 94' lang='lat' dir='ltr'><em>ut</em></span> <span class='ocrx_word' id='word_1_356' title='bbox 261 3318 340 3370; x_wconf 80' lang='lat' dir='ltr'><em>refert</em></span> <span class='ocrx_word' id='word_1_357' title='bbox 349 3318 454 3370; x_wconf 87' lang='lat' dir='ltr'><em>Tacitus</em></span> <span class='ocrx_word' id='word_1_358' title='bbox 462 3356 470 3380; x_wconf 92' lang='lat'><em>,</em></span> <span class='ocrx_word' id='word_1_359' title='bbox 479 3317 607 3369; x_wconf 87' lang='lat' dir='ltr'><em>German.</em></span> <span class='ocrx_word' id='word_1_360' title='bbox 618 3317 707 3368; x_wconf 90' lang='lat' dir='ltr'>XLVI</span> <span class='ocrx_word' id='word_1_361' title='bbox 717 3356 725 3381; x_wconf 92' lang='lat'>‚</span> <span class='ocrx_word' id='word_1_362' title='bbox 739 3315 826 3367; x_wconf 82' lang='lat' dir='ltr'><em>mixtis</em></span> <span class='ocrx_word' id='word_1_363' title='bbox 843 3325 1016 3385; x_wconf 88' lang='lat' dir='ltr'><em>utrorumque</em></span> <span class='ocrx_word' id='word_1_364' title='bbox 1027 3314 1161 3376; x_wconf 89' lang='lat' dir='ltr'><em>moribus,</em></span> 
     </span>
     <span class='ocr_line' id='line_1_36' title="bbox 98 3396 1162 3474; baseline -0.006 -20"><span class='ocrx_word' id='word_1_365' title='bbox 98 3401 219 3473; x_wconf 89' lang='lat' dir='ltr'><em>ambigue</em></span> <span class='ocrx_word' id='word_1_366' title='bbox 232 3400 342 3454; x_wconf 85' lang='lat' dir='ltr'><em>accedit.</em></span> <span class='ocrx_word' id='word_1_367' title='bbox 355 3401 425 3454; x_wconf 88' lang='lat' dir='ltr'><em>Vide</em></span> <span class='ocrx_word' id='word_1_368' title='bbox 441 3413 468 3453; x_wconf 93' lang='lat' dir='ltr'><em>et</em></span> <span class='ocrx_word' id='word_1_369' title='bbox 483 3400 550 3453; x_wconf 83' lang='lat' dir='ltr'><em>Ptin.</em></span> <span class='ocrx_word' id='word_1_370' title='bbox 569 3401 620 3462; x_wconf 91' lang='lat' dir='ltr'><em>IV,</em></span> <span class='ocrx_word' id='word_1_371' title='bbox 636 3417 667 3452; x_wconf 82' lang='lat' dir='ltr'><em>ra</em></span> <span class='ocrx_word' id='word_1_372' title='bbox 684 3411 709 3452; x_wconf 91' lang='lat' dir='ltr'><em>et</em></span> <span class='ocrx_word' id='word_1_373' title='bbox 721 3405 760 3461; x_wconf 71' lang='lat'><em>¹4·</em></span> <span class='ocrx_word' id='word_1_374' title='bbox 775 3399 961 3474; x_wconf 78' lang='lat' dir='ltr'><em>Bastarnarum</em></span> <span class='ocrx_word' id='word_1_375' title='bbox 974 3396 1053 3467; x_wconf 82' lang='lat' dir='ltr'><em>igitur</em></span> <span class='ocrx_word' id='word_1_376' title='bbox 1065 3417 1162 3450; x_wconf 92' lang='lat' dir='ltr'><em>nomen</em></span> 
     </span>
     <span class='ocr_line' id='line_1_37' title="bbox 98 3479 1160 3557; baseline -0.004 -19"><span class='ocrx_word' id='word_1_377' title='bbox 98 3488 208 3557; x_wconf 88' lang='lat' dir='ltr'><em>paulum</em></span> <span class='ocrx_word' id='word_1_378' title='bbox 218 3485 367 3538; x_wconf 86' lang='lat' dir='ltr'><em>immutavit</em></span> <span class='ocrx_word' id='word_1_379' title='bbox 375 3485 511 3548; x_wconf 86' lang='lat' dir='ltr'><em>Valerius,</em></span> <span class='ocrx_word' id='word_1_380' title='bbox 523 3484 599 3537; x_wconf 90' lang='lat' dir='ltr'><em>metri</em></span> <span class='ocrx_word' id='word_1_381' title='bbox 613 3503 710 3547; x_wconf 86' lang='lat' dir='ltr'><em>causa,</em></span> <span class='ocrx_word' id='word_1_382' title='bbox 725 3479 948 3554; x_wconf 87' lang='lat' dir='ltr'><em>quemadmodum</em></span> <span class='ocrx_word' id='word_1_383' title='bbox 962 3499 1055 3552; x_wconf 88' lang='lat' dir='ltr'><em>cupra,</em></span> <span class='ocrx_word' id='word_1_384' title='bbox 1068 3501 1095 3534; x_wconf 86' lang='lat' dir='ltr'><em>v.</em></span> <span class='ocrx_word' id='word_1_385' title='bbox 1110 3481 1160 3549; x_wconf 75' lang='lat'><em>5⁰3</em></span> 
     </span>
     <span class='ocr_line' id='line_1_38' title="bbox 100 3566 1162 3637; baseline -0.003 -17"><span class='ocrx_word' id='word_1_386' title='bbox 100 3568 159 3621; x_wconf 84' lang='lat' dir='ltr'><em>vide</em></span> <span class='ocrx_word' id='word_1_387' title='bbox 174 3581 230 3622; x_wconf 76' lang='lat' dir='ltr'><em>not,</em></span> <span class='ocrx_word' id='word_1_388' title='bbox 248 3575 292 3637; x_wconf 70' lang='lat'><em>49.</em></span> <span class='ocrx_word' id='word_1_389' title='bbox 309 3569 439 3622; x_wconf 88' lang='lat' dir='ltr'><em>Discimus</em></span> <span class='ocrx_word' id='word_1_390' title='bbox 458 3588 487 3621; x_wconf 90' lang='lat' dir='ltr'><em>ex</em></span> <span class='ocrx_word' id='word_1_391' title='bbox 506 3569 634 3622; x_wconf 85' lang='lat' dir='ltr'><em>Strabone</em></span> <span class='ocrx_word' id='word_1_392' title='bbox 646 3609 654 3636; x_wconf 89' lang='lat'><em>,</em></span> <span class='ocrx_word' id='word_1_393' title='bbox 664 3569 751 3632; x_wconf 87' lang='lat' dir='ltr'><em>VIIl,</em></span> <span class='ocrx_word' id='word_1_394' title='bbox 767 3569 836 3631; x_wconf 82' lang='lat'><em>306,</em></span> <span class='ocrx_word' id='word_1_395' title='bbox 857 3566 1040 3617; x_wconf 89' lang='lat' dir='ltr'><em>Bastemarum</em></span> <span class='ocrx_word' id='word_1_396' title='bbox 1058 3579 1162 3636; x_wconf 85' lang='lat' dir='ltr'><em>gentem</em></span> 
     </span>
     <span class='ocr_line' id='line_1_39' title="bbox 100 3650 1165 3724; baseline 0.001 -23"><span class='ocrx_word' id='word_1_397' title='bbox 100 3651 127 3702; x_wconf 90' lang='lat' dir='ltr'><em>in</em></span> <span class='ocrx_word' id='word_1_398' title='bbox 137 3651 224 3722; x_wconf 90' lang='lat' dir='ltr'><em>plures</em></span> <span class='ocrx_word' id='word_1_399' title='bbox 234 3651 348 3724; x_wconf 88' lang='lat' dir='ltr'><em>populos</em></span> <span class='ocrx_word' id='word_1_400' title='bbox 360 3651 472 3705; x_wconf 83' lang='lat' dir='ltr'><em>divisam</em></span> <span class='ocrx_word' id='word_1_401' title='bbox 487 3653 566 3704; x_wconf 87' lang='lat' dir='ltr'><em>fuisse</em></span> <span class='ocrx_word' id='word_1_402' title='bbox 578 3691 585 3716; x_wconf 95' lang='lat'><em>,</em></span> <span class='ocrx_word' id='word_1_403' title='bbox 595 3654 739 3714; x_wconf 82' lang='lat' dir='ltr'><em>Atmonos,</em></span> <span class='ocrx_word' id='word_1_404' title='bbox 750 3650 876 3710; x_wconf 78' lang='lat' dir='ltr'><em>Sidonos,</em></span> <span class='ocrx_word' id='word_1_405' title='bbox 896 3650 1042 3712; x_wconf 79' lang='lat' dir='ltr'><em>Peucinos,</em></span> <span class='ocrx_word' id='word_1_406' title='bbox 1058 3651 1165 3702; x_wconf 85' lang='lat' dir='ltr'><em>Roxola-</em></span> 
     </span>
     <span class='ocr_line' id='line_1_40' title="bbox 100 3732 1163 3806; baseline 0.002 -22"><span class='ocrx_word' id='word_1_407' title='bbox 100 3752 155 3786; x_wconf 71' lang='lat' dir='ltr'><em>nos.</em></span> <span class='ocrx_word' id='word_1_408' title='bbox 170 3733 286 3788; x_wconf 89' lang='lat' dir='ltr'><em>Proinde</em></span> <span class='ocrx_word' id='word_1_409' title='bbox 302 3737 443 3796; x_wconf 87' lang='lat' dir='ltr'><em>Sidonicas,</em></span> <span class='ocrx_word' id='word_1_410' title='bbox 460 3755 485 3788; x_wconf 91' lang='lat' dir='ltr'><em>v.</em></span> <span class='ocrx_word' id='word_1_411' title='bbox 506 3737 552 3803; x_wconf 86' lang='lat'><em>95,</em></span> <span class='ocrx_word' id='word_1_412' title='bbox 572 3736 659 3806; x_wconf 91' lang='lat' dir='ltr'><em>potuit</em></span> <span class='ocrx_word' id='word_1_413' title='bbox 675 3734 728 3786; x_wconf 90' lang='lat' dir='ltr'><em>dici</em></span> <span class='ocrx_word' id='word_1_414' title='bbox 746 3734 788 3786; x_wconf 85' lang='lat' dir='ltr'><em>vel</em></span> <span class='ocrx_word' id='word_1_415' title='bbox 803 3732 925 3804; x_wconf 88' lang='lat' dir='ltr'><em>proprie,</em></span> <span class='ocrx_word' id='word_1_416' title='bbox 943 3734 986 3785; x_wconf 84' lang='lat' dir='ltr'><em>vel</em></span> <span class='ocrx_word' id='word_1_417' title='bbox 1005 3752 1051 3804; x_wconf 90' lang='lat' dir='ltr'><em>per</em></span> <span class='ocrx_word' id='word_1_418' title='bbox 1069 3753 1163 3805; x_wconf 80' lang='lat' dir='ltr'><em>synec-</em></span> 
     </span>
     <span class='ocr_line' id='line_1_41' title="bbox 101 3816 1164 3891; baseline -0.001 -22"><span class='ocrx_word' id='word_1_419' title='bbox 101 3816 204 3872; x_wconf 91' lang='lat' dir='ltr'><em>dochen</em></span> <span class='ocrx_word' id='word_1_420' title='bbox 227 3835 276 3891; x_wconf 87' lang='lat' dir='ltr'><em>pro</em></span> <span class='ocrx_word' id='word_1_421' title='bbox 306 3822 486 3879; x_wconf 87' lang='lat' dir='ltr'><em>Bastarnicas,·</em></span> <span class='ocrx_word' id='word_1_422' title='bbox 512 3823 614 3870; x_wconf 77' lang='lat' dir='ltr'><em>habena</em></span> <span class='ocrx_word' id='word_1_423' title='bbox 634 3831 695 3872; x_wconf 88' lang='lat' dir='ltr'><em>sunt</em></span> <span class='ocrx_word' id='word_1_424' title='bbox 718 3836 768 3888; x_wconf 90' lang='lat' dir='ltr'><em>pro</em></span> <span class='ocrx_word' id='word_1_425' title='bbox 786 3819 921 3884; x_wconf 85' lang='lat' dir='ltr'><em>equitibas;</em></span> <span class='ocrx_word' id='word_1_426' title='bbox 941 3817 1035 3887; x_wconf 81' lang='lat' dir='ltr'><em>hisque</em></span> <span class='ocrx_word' id='word_1_427' title='bbox 1055 3817 1164 3870; x_wconf 89' lang='lat' dir='ltr'><em>omnino</em></span> 
     </span>
     <span class='ocr_line' id='line_1_42' title="bbox 103 3899 1163 3972; baseline -0.001 -21"><span class='ocrx_word' id='word_1_428' title='bbox 103 3901 185 3954; x_wconf 86' lang='lat' dir='ltr'><em>verbis</em></span> <span class='ocrx_word' id='word_1_429' title='bbox 192 3940 200 3963; x_wconf 86' lang='lat'><em>,</em></span> <span class='ocrx_word' id='word_1_430' title='bbox 203 3905 280 3969; x_wconf 86' lang='lat' dir='ltr'><em>pedes</em></span> <span class='ocrx_word' id='word_1_431' title='bbox 291 3917 375 3969; x_wconf 81' lang='lat' dir='ltr'><em>aequat</em></span> <span class='ocrx_word' id='word_1_432' title='bbox 386 3906 512 3963; x_wconf 79' lang='lat' dir='ltr'><em>habenas,</em></span> <span class='ocrx_word' id='word_1_433' title='bbox 526 3902 609 3972; x_wconf 86' lang='lat' dir='ltr'><em>pinxit</em></span> <span class='ocrx_word' id='word_1_434' title='bbox 619 3901 743 3954; x_wconf 88' lang='lat' dir='ltr'><em>Valerius</em></span> <span class='ocrx_word' id='word_1_435' title='bbox 752 3900 915 3953; x_wconf 83' lang='lat' dir='ltr'><em>velocitatem</em></span> <span class='ocrx_word' id='word_1_436' title='bbox 925 3900 1032 3952; x_wconf 87' lang='lat' dir='ltr'><em>illorum</em></span> <span class='ocrx_word' id='word_1_437' title='bbox 1040 3899 1163 3971; x_wconf 70' lang='lat' dir='ltr'><em>&#39;peditum</em></span> 
     </span>
     <span class='ocr_line' id='line_1_43' title="bbox 103 3982 1163 4056; baseline 0 -22"><span class='ocrx_word' id='word_1_438' title='bbox 103 3983 250 4053; x_wconf 87' lang='lat' dir='ltr'><em>equitibus,</em></span> <span class='ocrx_word' id='word_1_439' title='bbox 265 4003 332 4054; x_wconf 89' lang='lat' dir='ltr'><em>quos</em></span> <span class='ocrx_word' id='word_1_440' title='bbox 350 3987 486 4056; x_wconf 79' lang='lat' dir='ltr'><em>aequabant</em></span> <span class='ocrx_word' id='word_1_441' title='bbox 502 4003 601 4047; x_wconf 85' lang='lat' dir='ltr'><em>cursu,</em></span> <span class='ocrx_word' id='word_1_442' title='bbox 617 3985 836 4036; x_wconf 88' lang='lat' dir='ltr'><em>intermixtorum.</em></span> <span class='ocrx_word' id='word_1_443' title='bbox 856 3983 945 4034; x_wconf 84' lang='lat' dir='ltr'><em>Livius</em></span> <span class='ocrx_word' id='word_1_444' title='bbox 964 3983 1001 4034; x_wconf 87' lang='lat' dir='ltr'><em>ait</em></span> <span class='ocrx_word' id='word_1_445' title='bbox 1020 3983 1053 4035; x_wconf 89' lang='lat' dir='ltr'><em>de</em></span> <span class='ocrx_word' id='word_1_446' title='bbox 1071 3982 1163 4035; x_wconf 89' lang='lat' dir='ltr'><em>iisdem</em></span> 
     </span>
     <span class='ocr_line' id='line_1_44' title="bbox 104 4067 1164 4137; baseline 0.004 -23"><span class='ocrx_word' id='word_1_447' title='bbox 104 4069 243 4125; x_wconf 79' lang='lat' dir='ltr'><em>Bastarnis,</em></span> <span class='ocrx_word' id='word_1_448' title='bbox 264 4086 377 4137; x_wconf 92' lang='lat' dir='ltr'><em>quorum</em></span> <span class='ocrx_word' id='word_1_449' title='bbox 398 4069 499 4121; x_wconf 68' lang='lat' dir='ltr'><em>nundin</em></span> <span class='ocrx_word' id='word_1_450' title='bbox 518 4067 644 4120; x_wconf 86' lang='lat' dir='ltr'><em>adversus</em></span> <span class='ocrx_word' id='word_1_451' title='bbox 661 4070 794 4120; x_wconf 89' lang='lat' dir='ltr'><em>Romanos</em></span> <span class='ocrx_word' id='word_1_452' title='bbox 812 4087 875 4118; x_wconf 90' lang='lat' dir='ltr'><em>usus</em></span> <span class='ocrx_word' id='word_1_453' title='bbox 895 4080 933 4118; x_wconf 86' lang='lat' dir='ltr'><em>est</em></span> <span class='ocrx_word' id='word_1_454' title='bbox 952 4068 1056 4130; x_wconf 84' lang='lat' dir='ltr'><em>Perses,</em></span> <span class='ocrx_word' id='word_1_455' title='bbox 1075 4067 1164 4118; x_wconf 87' lang='lat' dir='ltr'><em>Mace·</em></span> 
     </span>
     <span class='ocr_line' id='line_1_45' title="bbox 105 4147 1164 4219; baseline -0.002 -19"><span class='ocrx_word' id='word_1_456' title='bbox 105 4147 202 4202; x_wconf 87' lang='lat' dir='ltr'><em>donum</em></span> <span class='ocrx_word' id='word_1_457' title='bbox 225 4169 290 4213; x_wconf 88' lang='lat' dir='ltr'><em>rex,</em></span> <span class='ocrx_word' id='word_1_458' title='bbox 306 4151 404 4216; x_wconf 82' lang='lat' dir='ltr'><em>XLIV,</em></span> <span class='ocrx_word' id='word_1_459' title='bbox 422 4156 471 4202; x_wconf 77' lang='lat' dir='ltr'><em>ab:</em></span> <span class='ocrx_word' id='word_1_460' title='bbox 496 4154 627 4202; x_wconf 84' lang='lat' dir='ltr'><em>veniebant</em></span> <span class='ocrx_word' id='word_1_461' title='bbox 647 4156 729 4202; x_wconf 81' lang='lat' dir='ltr'><em>decern</em></span> <span class='ocrx_word' id='word_1_462' title='bbox 747 4153 823 4202; x_wconf 84' lang='lat' dir='ltr'><em>millia</em></span> <span class='ocrx_word' id='word_1_463' title='bbox 843 4153 968 4216; x_wconf 80' lang='lat' dir='ltr'><em>eqriiturn,</em></span> <span class='ocrx_word' id='word_1_464' title='bbox 987 4168 1034 4219; x_wconf 87' lang='lat' dir='ltr'><em>par</em></span> <span class='ocrx_word' id='word_1_465' title='bbox 1053 4160 1164 4200; x_wconf 80' lang='lat' dir='ltr'><em>nisinents</em></span> 
     </span>
    </p>
   </div>
   <div class='ocr_carea' id='block_1_4' title="bbox 0 0 1455 4975">
    <p class='ocr_par' dir='ltr' id='par_1_6' title="bbox 0 0 1455 4975">
     <span class='ocr_line' id='line_1_46' title="bbox 0 0 1455 4975; baseline 0 0"><span class='ocrx_word' id='word_1_466' title='bbox 0 0 1455 4975; x_wconf 95' lang='lat' dir='ltr'><em> </em></span> 
     </span>
    </p>
   </div>
  </div>
 </body>
</html>
