2859 4975
293 373 683 440 ARGONAUTICON
713 371 805 434 ΜΒ.
829 369 912 434 Vll.
1076 367 1135 444 143

113 506 253 588 Sufficit,
270 506 311 570 ad
328 506 405 571 dirae
422 527 520 594 quam
536 527 638 593 quum
652 503 843 592 Tirynthius
858 500 970 592 hydue

113 622 251 710 Agmina
268 620 426 686 Palladios
443 618 588 683 defessus
604 617 733 706 respicit
747 617 849 708 ignes.

155 738 243 826 Ergo
263 737 381 800 iterum
402 734 443 799 ad
459 735 561 798 socias
578 748 767 798 convertere
783 730 957 796 Colchidos
972 746 1072 811 artes,
1097 747 1137 786 ⁶2⁵

113 853 153 914 Et
167 853 265 940 galeae
284 872 386 915 nexus
405 871 442 912 ac
456 848 585 913 uincula
603 847 739 936 dissipet
753 848 845 928 imoe3

114 968 357 1052 Cunctaturque
373 980 499 1044 tamen,
516 963 642 1051 totique
657 983 827 1026 occurrere
843 961 930 1026 bello

114 1082 185 1168 lpse
202 1080 313 1168 cupit3
338 1101 410 1167 spes
427 1078 515 1140 nulla
533 1076 641 1157 datur,
659 1075 705 1139 sic
723 1074 870 1163 undique
888 1075 1027 1141 densant

114 1195 299 1283 Terrigenae
313 1192 379 1272 jam
398 1193 488 1281 signa
501 1191 617 1267 duces,
635 1192 842 1278 clamorque,
863 1191 1025 1279 tubaeque.

114 1311 248 1396 Jamque
268 1329 382 1372 omnes
397 1305 495 1371 cdere
513 1306 644 1385 virum,
660 1305 793 1392 jamque
808 1305 917 1368 omnia
932 1323 1044 1372 contra
1099 1327 1138 1366 ⁶³0

114 1421 191 1483 Tela
205 1395 339 1500 volant}
357 1435 428 1483 tum
445 1441 522 1483 vero
540 1441 650 1482 amens
667 1417 853 1484 discrimine
867 1435 973 1502 tanto,

117 1534 224 1616 Quam
246 1532 347 1596 modo
366 1534 520 1597 Tartareo
539 1534 659 1622 galeam
679 1531 796 1598 Medea
810 1556 939 1598 veneno

114 1646 271 1709 infectam
288 1644 440 1727 dederat,
470 1667 613 1732 ususque
633 1661 772 1710 armarat
791 1647 826 1710 in
849 1648 938 1729 ilios,

113 1762 150 1824 Iu
169 1759 296 1836 medios,
313 1760 427 1826 tersit:
445 1782 607 1824 conversae
626 1761 777 1848 protinus
796 1760 905 1826 hastae.

99 1965 152 2012 623.
170 1969 207 2012 Ac
224 1966 284 2010 diroe.
303 1968 392 2013 Bcnun.
406 1966 459 2012 cod.
474 1967 587 2011 Bonum!
603 1965 974 2014 et11.1unt.ttuar.s1d.edd.
990 1969 1021 2014 sd
1037 1971 1136 2032 lingent.

71 2048 136 2094 Cous.
150 2047 242 2093 Euclea.
253 2057 302 2094 not.
315 2075 345 2082 -
357 2048 412 2105 css.
427 2049 534 2110 Agmine.
547 2049 633 2094 Macer.
650 2049 757 2108 Agmua.
774 2046 850 2094 ecda.
866 2049 958 2095 Bonum
969 2050 1000 2095 11.
1012 2053 1076 2098 tunt.
1092 2062 1138 2099 cte.

71 2130 165 2187 Angues
179 2127 276 2187 quidam
294 2127 358 2188 apud
377 2127 457 2182 Pium,
481 2135 504 2172 et
521 2135 643 2188 receperat
662 2127 742 2171 Heius.
758 2153 788 2160 -
806 2127 861 2173 625.
875 2129 937 2189 Bago
951 2129 993 2173 iter
1006 2129 1039 2174 ad
1052 2132 1134 2178 socios.

71 2206 142 2253 Vatic.
161 2209 252 2252 Boron.
269 2206 340 2254 codd.
354 2209 444 2253 Bonon.
455 2207 474 2252 l.
490 2207 551 2268 bigo
563 2207 605 2250 iter
615 2205 647 2250 ad
655 2207 734 2252 cocus.
746 2206 837 2252 Bonou.
850 2207 881 2252 Π.
892 2207 956 2253 Gerr.
969 2210 1033 2253 Arta.
1046 2211 1137 2256 Βοηου.

69 2285 118 2331 cod.
138 2311 170 2320 -
192 2285 247 2346 629.
272 2285 375 2331 Clamore
397 2287 506 2348 usboeque.
524 2285 600 2332 Vatic.
623 2286 714 2333 Bonum
733 2285 803 2331 codd.
825 2286 917 2333 Bouou.
938 2288 950 2333 1
975 2297 999 2333 et
1021 2288 1052 2333 11.
1073 2280 1140 2336 lunt.

70 2367 152 2411 Maser.
170 2365 225 2411 Aid.
243 2367 342 2426 Eugent.
363 2365 485 2428 clangore.
499 2365 585 2412 tabett.
603 2381 632 2411 ex
652 2367 714 2426 conj.
735 2391 765 2399 -
784 2365 838 2411 630.
852 2365 941 2414 Viden.
955 2367 1031 2414 Vatic.
1046 2371 1137 2416 Bcucn.

69 2444 137 2493 codd.
150 2445 242 2495 Bonum
253 2446 263 2491 1
274 2454 299 2491 et
313 2445 350 2500 ll,
376 2454 401 2491 st
418 2445 472 2499 edd.
490 2451 545 2493 tute
564 2445 629 2493 eurr.
645 2470 674 2480 -
690 2443 745 2493 631.
763 2443 920 2507 retentans.
931 2422 1006 2494 tutti.
1022 2447 1075 2495 cod.
1090 2463 1140 2495 nou

68 2524 152 2570 cubant
175 2533 203 2570 ut
222 2524 279 2585 legit
296 2524 377 2570 Heius.
397 2524 450 2569 Tela
463 2524 555 2586 juvant.
570 2526 629 2570 Bou.
645 2524 700 2574 tud.
717 2526 776 2577 lien.
797 2525 810 2571 Ι
828 2534 853 2572 et
870 2525 901 2571 ll.
916 2524 971 2571 stit
983 2526 1062 2573 icum
1083 2530 1138 2577 tlt.

70 2601 123 2647 reta
148 2602 237 2651 volunt.
260 2606 311 2659 Jem
330 2602 386 2650 olim
406 2602 471 2659 Pius¹
483 2612 507 2649 et
524 2604 611 2649 Mater.
628 2617 656 2649 ex
674 2604 738 2663 conj.
761 2602 819 2649 reta
837 2613 911 2650 munt.
927 2606 1066 2652 Ssde⁴-
1083 2608 1139 2655 sss.

69 2682 164 2727 Galeam
178 2682 241 2729 dedit
251 2684 300 2737 itu.
311 2682 435 2739 Emeuduti
447 2682 517 2729 cedd.
533 2680 597 2744 sputi
607 2682 681 2735 Pium.
693 2709 724 2719 -
737 2682 792 2731 633.
807 2682 852 2731 Hic
864 2700 900 2730 vs,
912 2684 978 2731 deest
993 2685 1019 2732 in
1029 2686 1104 2735 Vstie.
1115 2698 1140 2736 et
1226 2698 1230 2705 “

67 2764 157 2807 Bonou.
166 2761 236 2807 codd.
250 2771 273 2807 et
284 2760 308 2807 iu
320 2762 373 2810 edd.
383 2763 510 2811 enicem.
520 2762 564 2807 En.

67 2963 106 3004 tot
119 2950 238 3022 undique
256 2951 464 3021 emergentibus,
478 2952 582 3001 millibus
626 2968 692 3009 men,
703 2968 758 3001 non
771 2950 877 3021 projicit
889 2950 977 3017 illico,
989 2955 1090 3021 totique·
1098 2974 1138 3005 oc-

67 3052 115 3081 non
135 3032 213 3097 magis
225 3032 326 3099 sufficit,
346 3046 437 3099 parem
451 3047 479 3081 se
491 3027 580 3089 videt,
626 3046 723 3077 currere
732 3032 804 3089 betto,
814 3030 946 3082 conficere
956 3031 1067 3096 bellum,
1076 3036 1136 3101 ipse,

68 3109 215 3176 quamclim
224 3111 372 3172 tirynthius,
389 3108 514 3160 Hercules
524 3126 582 3160 con·
625 3106 712 3170 sclua,
727 3110 803 3174 cupit.

67 3202 106 3240 tra
120 3191 225 3253 hydram
237 3189 382 3239 Lernaeam.
662 3187 725 3238 628.
744 3184 797 3239 Sed
817 3205 872 3253 spes
888 3190 958 3237 uuila
981 3191 1066 3249 datur,
1090 3193 1140 3253 sic,

101 3273 165 3332 5²4.
175 3271 300 3319 Palladios
310 3270 388 3335 aguet.
401 3265 468 3317 Sunt
480 3265 526 3336 qui
538 3284 583 3315 an·

64 3367 129 3415 gres
147 3346 255 3411 malint,
269 3345 352 3417 regida
369 3358 432 3417 putu
448 3343 564 3396 Palladis
573 3359 582 3407 ;

67 3424 135 3477 nihii
159 3436 247 3476 tamen
267 3424 434 3476 mutandum.
456 3423 583 3475 Hercules

66 3506 158 3571 enim,
170 3524 254 3576 quum
263 3504 319 3557 sola
328 3504 509 3576 amputatione
517 3503 584 3556 nihil

67 3586 230 3658 proficeret,
243 3596 377 3649 narratur,
391 3584 452 3654 igne
465 3582 584 3636 adhibito
620 3626 622 3632 ,

66 3667 210 3735 (Minervae
224 3665 340 3717 consilio.
351 3664 429 3734 En),
442 3662 585 3734 quominus

66 3744 155 3817 capita
167 3744 365 3796 subcrescerent
378 3741 537 3813 impediisse.

100 3822 163 3876 625.
173 3824 242 3893 Ergo
253 3823 348 3874 iterum
358 3820 393 3874 ad
403 3824 497 3882 socias,
508 3820 582 3873 auxi·

64 3902 183 3955 iiatm'ces
194 3940 202 3964 ,
213 3916 350 3951 convertere
362 3902 418 3970 (se)
432 3903 527 3951 Medeoe
538 3920 582 3950 ar·

63 4000 114 4041 tes,
128 3996 152 4031 et
161 3985 244 4049 galeae
257 3984 375 4031 nodosae
384 3983 501 4039 cucula,
510 3979 581 4045 lora,

62 4061 163 4133 quihus
183 4070 272 4111 mento
287 4059 393 4131 alligata
412 4071 492 4123 esset,
511 4061 581 4109 dissi·

58 4154 122 4206 pat,
141 4138 222 4192 solvit
243 4138 372 4210 quidem,
394 4153 521 4189 cunctatur
540 4152 579 4189 ta·

627 3262 707 3330 adeo,
719 3267 827 3333 undique
837 3268 941 3316 densant
952 3271 1079 3336 terrigcnae
1085 3272 1140 3337 jam

626 3348 697 3412 signa
715 3348 803 3405 duces,
816 3344 937 3397 conferto
955 3346 1059 3417 agmine
1072 3349 1141 3404 ince-

627 3422 703 3476 dunt.
718 3431 823 3492 Jamque
841 3444 923 3475 omues
940 3428 1028 3487 odere,
1042 3426 1082 3481 ira
1098 3448 1143 3481 ex·

628 3501 817 3556 candescentes
829 3516 938 3574 petunt,
948 3509 1040 3559 virum.

664 3582 725 3635 631.
750 3588 810 3633 Tum
830 3603 892 3634 veru
915 3603 1013 3646 amens,
1035 3587 1140 3639 consilii

629 3660 720 3732 inops,
729 3664 868 3715 discrimine
875 3677 945 3715 tanto
951 3665 1142 3736 galcam(Apol-

628 3738 729 3801 lunius,
740 3740 792 3805 111,
809 3742 888 3805 1363,
902 3753 929 3793 et
941 3742 1073 3806 Ovidius,
1086 3744 1141 3798 Me·

628 3828 690 3869 tam.
710 3819 777 3882 VH,
802 3819 862 3892 139,
882 3840 938 3872 uon
956 3821 1076 3893 galeam,
1095 3822 1141 3876 sed

627 3914 719 3949 saxum
728 3898 871 3970 conjecisse
880 3912 989 3951 narrant
997 3903 1029 3969 )a
1043 3902 1141 3955 Medea

627 3976 676 4027 hos
686 3974 714 4028 in
724 3994 788 4028 usus
802 3977 963 4031 incantatam
972 3983 983 4048 (
991 3978 1046 4033 vid.
1064 4000 1141 4053 supra

626 4057 688 4126 469)
700 4059 725 4106 in
736 4061 828 4112 medios
838 4062 922 4119 torsit,
933 4078 1029 4129 magna
1039 4060 1065 4114 vi
1075 4079 1136 4129 prc-

624 4136 687 4207 jecit
696 4155 704 4201 ;
719 4155 839 4187 conversa
852 4150 924 4191 retro
930 4142 1043 4205 protinus
1053 4128 1140 4190 kasteci
