2859 4975
303 391 722 474 anconanrrcmr,
752 393 840 461 mn.
863 395 928 460 rx.
1092 399 1155 489 237

42 517 43 520 '
128 524 269 604 Deserit,
285 525 489 613 aetheriisque
504 523 597 590 deam
617 523 678 590 dea
694 529 848 594 convenit
859 529 964 594 astris.

128 643 196 728 lpsa
209 655 319 704 mrtem
332 639 465 704 Thetidi
480 640 578 730 regali
592 639 776 706 cornminus
790 658 883 708 ostro
1117 667 1156 704 πω

125 755 210 818 Juno
223 751 359 835 sedens,
387 754 442 818 tali
456 753 552 818 affata
564 770 614 818 est
628 753 768 820 Nereida
782 777 864 820 voce
879 779 887 820 :

165 899 178 924 α
190 869 290 932 Nunc
307 869 426 932 mentis
440 891 518 956 cape
535 885 611 934 vota
622 890 719 950 mete,
733 869 870 935 Thetis:
884 871 1023 961 impiger
1035 873 1132 940 heros

123 983 286 1072 Perpetuo
301 1000 450 1048 nostrum
464 982 610 1070 suspexit
626 991 752 1048 numen
766 985 873 1048 lason.

123 1099 216 1161 Dona
230 1099 286 1187 pio
304 1119 439 1187 pensare
454 1097 535 1162 libet
551 1119 645 1161 nunc
660 1095 770 1161 debita
782 1099 885 1162 cultu.

121 1209 163 1272 Ut
176 1210 270 1295 prins
284 1211 405 1274 insanis
420 1225 581 1276 errantem
598 1208 753 1274 fluctibus
768 1213 856 1299 rugo

120 1324 268 1406 Servavi,
295 1325 431 1414 supplex
446 1347 566 1412 meque
583 1325 618 1387 in
640 1339 697 1388 tua
716 1346 818 1412 regna
833 1328 962 1413 recepi,

119 1437 302 1525 Eripnique
316 1438 413 1502 maris
431 1461 517 1503 coeco
530 1438 641 1502 collisa
655 1438 768 1502 furore

118 1553 217 1615 Arma
228 1553 307 1617 ratis
322 1568 486 1640 postrema
498 1575 613 1635 sacrae3
628 1553 703 1616 licet
717 1553 818 1643 ignis,
832 1570 866 1618 et
881 1555 949 1644 igni

117 1665 133 1728 l
135 1682 236 1731 uncta
249 1667 389 1755 procella
400 1669 505 1734 levem
518 1643 733 1757 praestinxerit
746 1684 822 1734 ante
834 1671 1033 1736 columbam.

117 1781 148 1844 N
150 1803 219 1845 unc
229 1805 364 1870 quoque
381 1783 486 1871 Scylla
502 1805 618 1870 rapax,
629 1782 767 1847 canibus
779 1783 946 1848 succincta
960 1788 1150 1869 marinis,³2o

115 1893 343 1983 Ernetansque
360 1896 444 1960 imos
461 1895 579 1961 fluctus
593 1895 749 1962 sulcanda
762 1896 959 1985 Charybdin

115 2008 273 2098 Protege,
296 2009 386 2088 dira,
401 2012 488 2076 viros
504 2035 513 2077 :
529 2010 610 2099 quid
626 2033 695 2076 non
708 2011 812 2076 abste
827 2013 981 2102 impetret
997 2040 1061 2080 una

116 2123 206 2187 luno
220 2124 300 2188 tua?
314 2125 473 2190 infantem
488 2125 586 2190 dilexi
605 2125 774 2214 protinus,
799 2143 832 2190 et
845 2142 883 2192 tu

113 2237 189 2301 Sola
205 2241 362 2306 recusasti
378 2241 499 2305 lectum
516 2256 675 2306 temerare
686 2241 845 2330 jugalem,

113 2354 230 2438 Quum
249 2370 356 2420 tamen
378 2337 556 2420 immodico
573 2371 718 2443 captaret
733 2356 885 2445 luppiter
901 2372 992 2441 astu,
1107 2379 1145 2417 ³2⁵

111 2469 263 2558 luppiter
283 2468 399 2535 insano
423 2493 551 2559 semper
573 2486 743 2562 correptus
762 2495 893 2552 amore,

110 2587 316 2676 Alternoque
330 2588 416 2651 initu
435 2587 570 2677 genialia
588 2586 708 2651 foedera
723 2587 871 2651 turbans.

110 2702 179 2786 Qui
196 2703 342 2790 quamvis
359 2702 484 2792 Stygias
499 2700 594 2767 toties
607 2702 763 2782 juraverit
781 2698 905 2783 undas,

109 2816 243 2880 Misceri
259 2834 293 2879 se
307 2816 393 2880 nolle
410 2816 487 2897 tibi,
505 2816 611 2905 Stygis
628 2831 725 2880 antra
743 2836 854 2879 severa

107 2930 306 3018 Sperncbat,
328 2946 454 2995 tantum
468 2930 656 2995 stimulabat
670 2928 880 2995 csecalibido.
1102 2949 1140 2988 su

108 3046 226 3109 Donec
238 3066 315 3108 eum
326 3044 510 3109 veneranda
523 3044 657 3107 Themis
677 3043 880 3131 compescuit
896 3065 952 3107 ore

107 3158 264 3223 Faticano
279 3182 287 3222 :
303 3190 316 3215 α
328 3182 589 3247 quemcumque,
603 3158 728 3245 inquit,
744 3156 858 3221 Thetis
873 3159 957 3223 alme
972 3159 1072 3223 cubili
1168 3164 1172 3169 ’

108 3274 278 3349 iunxerit,
294 3274 350 3338 ille
364 3296 425 3339 suo
443 3272 546 3352 major
564 3272 713 3362 genitore
729 3247 870 3335 futurus‘

106 3389 268 3454 Nascetur
287 3389 488 3477 quicumque
507 3386 605 3469 dea·;
631 3402 712 3450 tunc
731 3383 828 3449 solvit
843 3406 1005 3466 amorem,

106 3510 159 3575 Ne
179 3508 265 3573 foret
281 3508 314 3571 in
331 3508 409 3573 eaelo
429 3524 505 3598 post
521 3508 586 3573 ulla
603 3504 751 3596 potentia
772 3503 887 3585 major.
1098 3524 1139 3562 nt

107 3628 167 3689 Ast
189 3646 271 3713 ego,
290 3646 363 3711 quae
381 3623 472 3689 taedis
492 3644 634 3712 praesum
654 3620 714 3685 dea
727 3620 795 3685 sola
811 3616 952 3697 maritis,

107 3741 232 3829 Sponte
250 3738 311 3803 tibi
327 3761 436 3829 regem
452 3738 575 3803 delecta
597 3759 638 3801 ex
656 3735 746 3823 pube
760 3731 865 3797 dicari

106 3853 317 3943 Argolicum
338 3854 486 3918 thalamis
501 3853 623 3918 etenim
636 3848 811 3940 gaudebis3
832 3863 865 3910 et
880 3860 951 3909 orta

109 3969 283 4057 Progenies
297 3969 433 4033 rutilum
451 3969 518 4033 caeli
534 3983 584 4033 est
600 3982 737 4039 ventura
754 3963 817 4027 sub
834 3984 938 4027 axem.

106 4088 191 4151 Ante
205 4104 281 4151 tuos
294 4086 453 4152 thalamos
467 4086 594 4167 eunctis
607 4085 648 4150 de
661 4106 753 4149 more
766 4082 887 4147 voeatis
1095 4103 1136 4147 su
