2859 4975
310 417 375 482 300
620 498 622 502 Ι
708 475 709 482 ,
752 421 962 494 ORPHEL

354 549 509 614 Percussa
528 550 689 638 extemplo
705 551 782 615 loris
797 528 922 616 cervice
941 553 1130 617 tremendis.

353 664 396 727 At
411 663 530 753 Minyae
548 664 635 728 ferro
652 665 865 754 bebrycensia
885 689 1021 755 corpora
1034 665 1174 731 caedunt.

399 778 560 842 Solvimus
576 778 673 861 hinc,
696 779 878 868 urbemque
892 781 927 844 in
943 782 1010 844 lato
1025 782 1120 845 litore
1136 802 1291 870 magnam
1345 801 1374 839 σεο

356 892 548 982 Remigibus
569 894 675 977 lassis,
688 895 838 983 Bithynia
859 881 961 979 tecta,
977 896 1136 961 subimus.

357 1005 443 1069 Hinc
458 1006 523 1086 jam
540 1007 640 1072 fontis
657 1031 771 1096 aquas,
795 1026 828 1074 et
840 1009 926 1073 silvis
946 1009 1031 1100 ligna
1044 1009 1165 1074 nivosis

357 1120 525 1185 Poscimus
541 1121 700 1211 bospitio,
714 1140 747 1188 et
763 1123 825 1187 sub
840 1138 970 1190 noctem
988 1147 1079 1229 coena
1095 1139 1238 1213 paratur.

357 1233 503 1298 Perdidit
517 1233 572 1298 hic
587 1235 736 1326 geminos
750 1236 884 1301 vibratis
897 1236 996 1303 corde
1012 1238 1155 1303 tumenti
1184 1247 1186 1250 '

287 1421 290 1428 Ι
357 1348 474 1450 Infelix
485 1349 629 1414 Phineus
642 1351 760 1438 petris,
777 1374 836 1416 sua
849 1352 1001 1441 pignora,
1023 1369 1136 1433 natos,
1343 1370 1373 1407 ⁶⁶⁵

360 1462 556 1551 Objecitque
568 1462 645 1528 feris
661 1464 778 1528 insano
792 1464 903 1531 uxoris
916 1487 1046 1545 amore;

360 1578 418 1641 His
436 1594 544 1642 autem
560 1579 659 1643 vitam
675 1577 820 1644 reddunt
837 1595 870 1644 et
884 1579 1008 1644 lumina
1025 1581 1096 1646 nati

360 1692 410 1756 De
426 1694 543 1774 Borea3
560 1690 723 1762 Phineum
739 1693 842 1782 gravis
861 1710 911 1758 est
921 1695 1047 1776 jactura
1061 1711 1201 1782 sequuta
1213 1720 1225 1760 z,

359 1805 510 1894 Namque
523 1805 729 1895 indignantes
745 1809 917 1873 oculorum
932 1809 1056 1873 lumine
1072 1826 1202 1874 caeoem.

271 1931 272 1936 ’
362 1922 475 2003 Quum
492 1922 599 1987 subito
614 1922 729 1988 validis
741 1924 841 1990 Borea
859 1925 1001 2013 spirante
1017 1925 1165 2013 procellis

362 2041 550 2103 curvantur
562 2039 670 2104 densae
686 2060 858 2106 nemorosa
876 2041 1044 2105 cacumina
1057 2041 1160 2122 silvae,

362 2156 408 2218 Ut
422 2155 527 2218 lueret
541 2154 595 2219 lue
609 2154 753 2220 Bistonia
767 2155 973 2244 lacrymabile
987 2155 1101 2218 latram.

363 2268 448 2333 Hinc
464 2269 564 2357 igitur
578 2268 686 2333 miseri
704 2267 847 2334 crudelia
865 2285 948 2333 tecta
966 2269 1095 2358 tyranni

363 2381 577 2470 Linquimus,
590 2400 623 2447 et
637 2399 742 2448 vastas
757 2385 862 2474 pelagi
879 2383 1129 2448 conscendimus
1143 2383 1266 2465 undas,

364 2499 508 2586 Cyaneas
523 2498 613 2578 juata
628 2514 753 2587 petras,
766 2521 849 2586 quas
862 2498 985 2587 optima
1003 2513 1148 2565 manum

364 2622 593 2686 Annumerans
610 2621 723 2687 docuit
737 2620 903 2710 quondam
914 2645 969 2686 me
980 2622 1151 2711 Calliopea.

366 2735 428 2800 Hic
444 2758 522 2825 ergo
541 2735 630 2800 exitii
646 2734 771 2801 vitandi
788 2736 877 2800 nulla
893 2736 1043 2818 facultas,

367 2848 517 2938 Namque
537 2850 598 2915 illae
611 2849 753 2915 adversis
771 2867 945 2914 ventorum
964 2847 1093 2914 flatibus
1109 2867 1202 2933 actae,

369 2965 582 3052 Occursuque
598 2988 708 3055 graves
724 2964 862 3030 allidunt
878 2988 952 3029 saxa
966 2964 1120 3053 gementi.

368 3080 430 3144 Hic
447 3080 599 3168 strepitus
615 3079 677 3144 late
693 3080 826 3169 pelago,
843 3080 986 3167 caeloque
998 3078 1158 3169 gementis

368 3194 549 3282 Praecipites
567 3211 723 3258 resonant
740 3195 903 3283 perruptis
916 3192 1070 3258 fluctibus
1083 3192 1192 3258 undae.

369 3315 428 3376 Ast
446 3334 505 3402 ego
522 3327 593 3375 tum
610 3310 665 3375 tali
679 3309 720 3374 ad
731 3311 863 3400 Tiphyn
876 3332 1027 3374 sermone
1037 3310 1208 3399 loquutus:

414 3458 427 3481 «
438 3426 489 3491 Ad
502 3426 638 3515 puppim
656 3442 808 3489 converte
826 3425 953 3505 oculos,
971 3441 1004 3488 et
1020 3424 1147 3488 cautius
1163 3424 1241 3488 ito».

332 3572 334 3580 v
372 3540 478 3618 Sensit
495 3539 553 3602 ubi
571 3539 657 3620 haec,
672 3538 798 3628 gelidus
814 3539 919 3604 tenuit
934 3538 1109 3627 proecordia
1128 3537 1274 3627 sanguis,

373 3652 542 3741 Quidquid
556 3656 629 3741 agat
642 3668 750 3724 tamen
766 3675 886 3718 arcano
897 3652 959 3717 sub
975 3668 1105 3741 pectore
1121 3652 1203 3715 celat
1340 3658 1368 3696 ⁶⁸⁵

372 3770 457 3832 Tum
473 3791 593 3832 secum.
610 3767 674 3832 Sed
686 3769 780 3831 enim*
788 3769 889 3832 Pallas
902 3768 1079 3832 consistere
1092 3788 1218 3830 summa

374 4096 514 4191 Imperat
529 4120 669 4168 antenna
683 4104 865 4186 volucrem,
882 4105 928 4170 sic
941 4104 1027 4168 luno
1043 4102 1211 4181 monebat,
