2859 4975
340 432 738 551 AliGONAUTICON
760 436 847 504 Ltss.
871 438 933 503 VI.
1002 433 1005 442 ’
1127 464 1166 531 ¹9

136 577 312 654 Centoras,
329 586 363 635 et
377 571 467 637 diros
482 572 609 661 magico
624 587 750 635 terrore
765 571 934 636 Choatras.

137 686 300 753 Omnibus
319 685 353 747 in
372 707 508 774 superos
523 706 626 749 sevus
641 685 767 766 honor,
785 684 940 749 omnibus
956 700 1043 749 artes

135 800 367 868 Monstrificae:
385 824 478 865 nunc
488 822 564 865 vere
579 820 668 863 novo
685 822 892 888 compescere
906 800 1057 883 finndes,

135 919 235 983 Nunc
251 914 392 981 subitam
411 915 544 1004 trepidis
561 912 694 981 Maeotin
712 916 837 979 solvere
851 916 1011 983 claustris

136 1034 300 1097 Maximus
317 1032 380 1095 bos
397 1031 482 1093 iuter
497 1028 608 1119 Stygia
619 1029 709 1093 venit
724 1046 794 1093 arte
810 1030 962 1115 Comtcs3
1131 1050 1168 1088 sss

136 1147 294 1211 Sollicitat
309 1168 370 1211 nec
385 1144 498 1209 Martis
511 1164 620 1227 amor,
637 1144 696 1209 sed
711 1145 797 1209 lama
813 1147 929 1234 cysoeae

137 1262 300 1350 Virginis,
315 1275 349 1325 et
360 1259 494 1349 paribus
505 1260 629 1348 spirans
646 1258 764 1323 Medea
776 1260 922 1326 venenis.

137 1376 269 1441 Gaudet
284 1378 413 1441 Averna
427 1374 539 1463 palus,
556 1373 676 1463 gaudet
688 1374 756 1453 jam
772 1392 870 1439 nocte
885 1377 993 1464 quieta

138 1492 302 1573 Portitor,
320 1506 444 1555 eltuto
460 1490 595 1553 veniens
611 1490 745 1553 Latonia
761 1490 850 1555 celo.

180 1606 280 1669 Ibant
294 1621 326 1669 et
338 1604 475 1694 geminis
490 1621 653 1691 aequantes
668 1606 823 1669 cornibus
838 1605 903 1670 alas

138 1720 315 1797 ballenon,
332 1720 555 1809 comitumque
568 1720 653 1783 celer
665 1736 811 1784 mutator
823 1743 987 1809 equorum

139 1836 279 1918 Moesus,
300 1850 333 1901 et
349 1835 489 1924 ingentis
507 1834 652 1899 frenator
667 1834 810 1900 Sarmata
826 1837 926 1903 conti.

130 2040 181 2105 159.
196 2038 229 2086 Er
239 2050 295 2087 tata.
307 2039 346 2085 Sic
355 2049 424 2089 ronta
435 2040 538 2085 Gronov.
552 2042 616 2086 Toto.
629 2040 705 2086 codd.
717 2050 743 2087 et
755 2039 810 2087 edel.
821 2048 877 2086 ants
886 2040 968 2088 netas.
977 2066 1008 2078 -
1019 2042 1072 2090 161.
1085 2044 1165 2091 Balla-

100 2122 147 2167 ata.
157 2121 234 2167 Vatic.
246 2120 300 2165 cod.
311 2118 434 2165 Ballanoti.
446 2122 537 2165 Bonon.
553 2121 564 2165 t
579 2128 603 2165 et
618 2120 649 2165 11.
666 2121 709 2165 En.

134 2298 194 2353 151.
208 2302 367 2351 anans.....
380 2300 499 2349 Cimo.
514 2298 610 2351 Cento·
655 2311 709 2348 arte
717 2300 791 2350 ‘uenit
800 2302 914 2360 Coastes,
925 2318 1005 2372 quem
1016 2312 1105 2355 tamen
1114 2323 1169 2356 non

97 2394 140 2430 ras
154 2380 252 2436 motos,
262 2372 380 2440 medios,
396 2377 442 2447 qui
455 2376 542 2428 neutri
553 2392 611 2429 sese
654 2387 709 2428 tam
728 2394 803 2429 amor
821 2396 932 2448 pugnae,
950 2401 1025 2447 quam
1034 2384 1112 2451 fama
1123 2388 1170 2449 0(-

97 2456 166 2529 parti
179 2454 323 2528 adjungere
337 2454 508 2520 maluissent,
521 2457 613 2524 impulit
654 2468 710 2507 tace
723 2458 733 2526 (
745 2455 899 2526 Colchica)
915 2462 1021 2529 virginis
1044 2464 1171 2525 sollicitat,

98 2537 611 2600 tamenPhtyaeeiuellstisardor3et0hoa·
655 2550 679 2586 et
691 2540 792 2603 paribus
820 2542 917 2604 spirans
945 2545 1035 2592 Medea
1065 2545 1171 2595 uenena&

96 2631 162 2676 tras,
172 2619 259 2683 quibus
268 2618 294 2666 in
306 2635 404 2684 superos
418 2635 495 2667 saevus
511 2617 611 2684 (poste
655 2618 772 2683 (spirans
790 2615 905 2668 ablativo
919 2621 1061 2688 jttnctum,
1079 2633 1109 2672 nt
1125 2641 1169 2673 su-

96 2697 163 2749 riori
184 2694 285 2767 syllaba
305 2693 451 2765 producta,
470 2693 543 2765 quod
563 2693 612 2746 sibi
654 2711 720 2765 pra,
747 2711 814 2765 129,
834 2708 861 2747 et
880 2701 1002 2759 redolere,
1021 2699 1072 2761 IV,
1102 2700 1165 2766 15),

97 2772 242 2846 aliquando
251 2773 407 2844 permittunt
420 2784 502 2843 poetar
517 2777 544 2823 in
561 2791 611 2824 cae-
655 2791 710 2824 non
726 2773 816 2826 minus
830 2793 910 2846 quum
923 2776 979 2847 ipse
993 2776 1092 2830 herbas
1104 2777 1170 2830 odo·

97 2855 179 2923 sura)
195 2855 282 2911 bonor,
297 2853 344 2921 qui
357 2852 469 2904 victimis
488 2851 612 2904 humanis
654 2863 726 2904 ratas
741 2865 768 2904 et
784 2853 836 2906 alia
855 2856 979 2908 veneficia
994 2867 1118 2911 tractans.
1136 2859 1169 2910 In

97 2931 162 2985 deos
177 2931 336 3003 placabant,
356 2934 442 2999 quitus
456 2944 522 2982 artes
539 2949 611 2981 mon·
656 2943 709 2983 tam
727 2932 834 2984 famosa
848 2934 973 2986 veneficae
988 2936 1109 2988 notitiam
1124 2955 1169 2989 ve-

97 3015 208 3082 stustae,
221 3009 346 3080 magices,
362 3009 533 3080 prodigiosas,
545 3029 611 3060 nuuc
655 3011 714 3062 nire
726 3010 763 3061 ita
773 3011 914 3081 cupiebat,
929 3022 959 3064 ut
968 3012 1002 3065 de
1011 3014 1170 3068 incantatio·

97 3111 160 3142 uem
168 3109 232 3144 novo
242 3109 393 3157 compescere
398 3091 523 3158 frondes,
536 3088 612 3140 lolio·
655 3089 735 3140 nibus
742 3092 814 3140 nnnc
824 3109 878 3142 nou
888 3094 1030 3162 rogitaret,
1041 3103 1071 3143 ut
1079 3112 1171 3147 manes

97 3171 197 3222 rumin
209 3170 351 3244 arboribus
359 3180 517 3240 proventum
528 3167 612 3238 magi·
656 3185 711 3219 non
731 3180 870 3232 evocaret,
889 3181 918 3222 nt
929 3171 1059 3222 charonti
1076 3191 1171 3226 somno

98 3251 136 3302 cis
146 3249 246 3302 artibus
252 3247 401 3320 impediunt
412 3285 420 3312 ,
435 3267 501 3298 nane
510 3250 612 3297 subitam
657 3245 797 3316 indulgere
805 3249 969 3316 permitteret
978 3287 985 3312 2
993 3253 1091 3315 gaudet
1099 3267 1171 3304 noete

99 3331 197 3396 trepidis
207 3331 309 3378 Maeotin
316 3331 412 3378 ⁴solvere
420 3329 553 3394 plaustris,
566 3342 613 3395 per
657 3327 740 3392 quieta
747 3329 864 3392 portitor,
873 3337 903 3377 ut
911 3327 1016 3377 Lunam
1027 3343 1082 3378 non
1092 3328 1170 3382 devo-

99 3405 207 3460 Msrotin
224 3407 310 3478 glacie
326 3407 403 3458 citius
421 3405 613 3476 exspectatione
656 3415 730 3455 caret
747 3402 860 3468 retbere,
877 3409 973 3472 gaudet
993 3418 1043 3454 usto
1065 3413 1170 3462 veniens

99 3487 240 3539 liberatem
256 3501 350 3537 currus
364 3496 446 3555 agunt
460 3495 534 3536 tanta
550 3502 612 3536 curn
657 3487 840 3535 Latoniaeoelo.

100 3565 228 3627 andacia,
240 3567 269 3616 tlt
281 3563 331 3634 ipsi
342 3581 435 3616 curans
444 3565 553 3638 timeant
560 3604 568 3628 ,
577 3581 612 3615 ne
695 3567 754 3615 160.
766 3561 861 3614 Ultimi
869 3561 1041 3615 nominantur
1055 3566 1173 3618 Ballene·

98 3637 480 3715 mergantur.-Sensusest,
494 3642 613 3694 utnobis
656 3645 676 3693 ti
675 3683 725 3695 .....
732 3644 806 3694 Masi
808 3682 857 3694 .....
866 3646 1000 3706 Sarmatce5
1010 3657 1038 3696 at
1049 3649 1174 3701 Ballonoti

99 3723 612 3794 videtur,utqueexplicatBurmannus,
655 3725 761 3789 geminis
777 3734 905 3788 aquenses
922 3725 1033 3772 cornibus
1053 3729 1172 3784 alas,e1

98 3804 231 3856 Choatras
241 3813 296 3854 arte
305 3803 408 3872 magica
419 3803 613 3854 subitosolvere
657 3811 771 3872 utraque
778 3811 855 3871 parte
870 3799 938 3857 aciei
949 3799 1042 3854 eodem
1059 3821 1171 3856 numero

31 3897 32 3908 ¹
97 3883 205 3936 Maesio
228 3881 398 3934 constrictam
415 3881 514 3952 glacie,
531 3881 613 3952 trepi-
657 3897 756 3931 cornua
770 3890 896 3951 tegentes.

32 3965 34 4002 ὲ
98 3960 351 4032 dantibusillisqui
363 3962 479 4032 plaustra
494 3977 542 4032 per
555 3979 614 4012 eam
695 3955 979 4010 rotmannum
994 3963 1059 4011 celer
1067 3976 1173 4013 mereator

99 4054 197 4113 agunt,
220 4050 247 4092 et
267 4041 445 4093 metuentibus
463 4059 514 4103 ne,
529 4041 613 4092 solnta
658 4055 787 4104 equanam,
802 4053 931 4089 anatocs
939 4074 948 4100 ,
957 4042 1076 4100 desultor,
1087 4043 1132 4112 qui
1142 4059 1174 4094 ex

34 4133 35 4175 l
98 4121 186 4192 glacie
196 4157 203 4184 ‚
213 4119 429 4190 submergantur.
444 4121 494 4172 En.
660 4133 715 4168 nno
724 4117 752 4168 in
762 4116 873 4169 alterum
887 4117 1052 4171 nansittebat
1062 4137 1172 4191 equum.

35 4249 36 4263 ,
140 4200 199 4254 155.
226 4201 354 4258 Maximus
374 4199 476 4266 Segia,
496 4197 615 4269 magica,
660 4197 748 4249 boum
762 4195 849 4250 deltis
861 4194 1038 4250 desultoribus
1050 4198 1174 4252 classicus

1001 4322 1036 4361 2.
