2859 4975
245 404 309 484 ast
684 363 878 474 oneum

288 537 489 628 Magnanimi
505 539 708 629 urgebant),
721 505 843 628 Tegees
862 539 977 606 tellure
994 541 1114 606 relicta.

287 652 385 720 Venit
402 667 434 720 et
447 653 588 742 Erginus
604 652 761 735 Branchi,
779 654 954 720 cultissima
968 655 1121 744 linquens

285 769 327 833 Et
338 768 475 857 patriam
488 768 670 834 celsiacum
687 770 848 834 moenibus
863 793 938 836 arva
951 763 1071 852 Mileti,

285 882 442 948 Maeandri
461 883 495 947 in
511 905 581 949 sese
597 906 669 972 quas
682 884 832 951 verberat
848 884 939 950 unda
954 907 1135 950 recurrens.

285 997 412 1063 Deinde
423 997 664 1088 Periclymenus
681 998 813 1089 Nelides
827 998 924 1065 affuit
941 1022 1009 1065 una

284 1113 440 1178 Pellenen
455 1114 547 1195 juxta
561 1113 714 1202 linquens
736 1113 967 1203 madidamque
981 1115 1144 1204 bipezon,

284 1229 367 1317 Asty
385 1249 483 1292 suum
497 1227 603 1311 dives,
620 1230 807 1318 positasque
825 1229 860 1294 in
881 1244 995 1293 monte
1012 1230 1165 1295 Celonas.

176 1427 179 1432 .
282 1343 334 1406 Tu
351 1340 517 1431 Calydone
534 1343 644 1436 renis,
662 1343 756 1406 fortis
769 1343 948 1433 Meleagre,
962 1343 1090 1425 relicta,

284 1458 394 1540 Quem
412 1456 487 1522 tulit
500 1457 536 1520 in
552 1457 652 1522 roseis
669 1457 795 1522 Altheae
807 1456 1008 1545 amplexibus
1020 1455 1170 1525 OEneus.

283 1571 428 1660 Iphiclus
445 1572 508 1635 alta
525 1593 636 1636 secans
649 1573 813 1636 Auaoesia
831 1587 943 1661 stagna
956 1573 1105 1661 reliquit,

283 1686 407 1750 Altheae
422 1685 479 1774 qui
493 1684 593 1750 frater
605 1701 689 1767 erat,
705 1707 837 1774 praeque
852 1685 1006 1755 omnibus
1023 1687 1082 1750 uni

282 1803 448 1883 Intentus,
466 1801 644 1890 Meleagre,
660 1800 721 1864 tibi
739 1800 901 1866 laudanda
918 1802 1083 1867 monebat.

280 1915 411 1980 Transit
424 1931 457 1980 et
469 1916 619 1980 Asterion
637 1914 767 2003 genitus
783 1913 825 1980 de
841 1929 932 2003 patre
948 1916 1102 1998 Comete,

279 2029 424 2094 Piresien
442 2022 610 2116 linquens,
625 2027 684 2092 nbi
702 2028 822 2094 mixtus
836 2028 1006 2117 Apidanus
1022 2029 1121 2095 undis

144 2183 147 2186 ·
280 2145 381 2210 Penei
395 2142 514 2210 fluctus
528 2165 721 2208 communes
738 2144 837 2208 mittit
852 2145 887 2207 in
903 2167 1025 2233 aequor.

281 2260 391 2348 liquit
406 2274 439 2324 et
454 2257 656 2348 Eurydamas
670 2280 849 2347 properans
863 2258 1032 2324 Boebeidos
1050 2260 1154 2349 algam

282 2376 391 2440 Peneo
408 2375 526 2462 illapsae
544 2373 703 2440 Meliboeae
720 2375 840 2438 moenia
852 2375 955 2454 juxta.
985 2452 988 2456 ι

322 2491 366 2554 At
383 2503 557 2577 postquam
570 2485 711 2552 Elatides
726 2478 948 2576 Polyphemus
965 2487 1094 2576 prosilit
1110 2490 1229 2580 ingens

280 2602 428 2685 Viribus,
444 2603 628 2689 heroasque
643 2601 731 2666 inter
745 2623 808 2665 ceu
825 2599 954 2667 flamma
970 2602 1157 2694 refulgens,

279 2719 389 2783 Eneus
405 2718 495 2783 venit
509 2716 633 2797 Caenei,
648 2738 747 2805 quem
764 2715 863 2797 fama,
883 2717 1024 2804 rapacis,

280 2832 458 2920 Urgentem
474 2830 624 2918 Lapithas
641 2829 834 2895 Centaurica
848 2831 910 2895 tela
925 2832 1054 2916 tulisse,

278 2944 483 3009 Transfixum
502 2943 648 3009 trabibus
665 2942 811 3033 abiegnis
829 2965 965 3032 corpora
983 2947 1106 3035 longis,

280 3056 480 3121 Sustinuisse
496 3073 604 3121 tamen
622 3080 729 3147 genua
743 3058 909 3122 incurvata
926 3060 1108 3142 furentem,
1191 3109 1194 3116 .

276 3172 319 3236 Et
334 3172 444 3233 vivum
458 3192 583 3253 manes,
600 3171 1026 3261 tenebrasqueAcherontis
1042 3173 1155 3243 adisse.

277 3286 376 3351 Venit
390 3301 423 3349 et
438 3286 508 3374 ipse
524 3286 637 3351 Pheris
650 3286 829 3368 Admetus,
848 3287 1000 3375 Apolline
1018 3290 1186 3376 quondam
1272 3326 1280 3350 1

278 3400 471 3467 Perfunctus
490 3424 601 3479 servo,
625 3403 744 3491 patrias
763 3401 843 3465 dum
861 3402 994 3491 diffugit
1009 3404 1085 3468 iras.

233 3602 235 3606 ,
276 3517 425 3605 Namque
442 3518 496 3583 ille
513 3516 680 3583 indomitis
698 3519 853 3606 Cyclopas
871 3535 976 3583 morte
992 3520 1116 3608 sagittis

275 3632 341 3697 Pro
357 3649 434 3697 nato
447 3633 619 3721 impatiens
633 3630 784 3697 affecerat
798 3647 873 3696 ante
889 3648 1079 3719 perempto3

162 3776 170 3795 ·
276 3747 497 3835 Actorionque
513 3746 551 3809 lli
567 3747 624 3839 qui
641 3743 726 3811 filius
738 3746 944 3827 Actorionis,

277 3861 429 3927 Saxosam
444 3859 596 3949 linquens
609 3861 777 3949 Opoenta3
794 3861 927 3926 accessit
939 3877 974 3927 et
988 3859 1080 3943 ldas;
1271 3886 1309 3924 nt

278 3975 410 4064 Quique
421 3977 535 4065 procul
548 3978 645 4067 longe
660 3992 748 4041 trans
761 3975 897 4057 aethera,
915 3992 1003 4041 trans
1018 3999 1125 4058 mare,
1138 3978 1307 4067 Lynceus,

273 4090 316 4154 Et
329 4089 440 4155 subter
452 4090 604 4173 Plutum,
620 4106 777 4179 terraeque
794 4090 945 4156 barathra
958 4088 1133 4178 prolundae
1162 4068 1168 4078 ,
