<?xml version="1.0" encoding="UTF-8"?>
<!DOCTYPE html PUBLIC "-//W3C//DTD XHTML 1.0 Transitional//EN"
    "http://www.w3.org/TR/xhtml1/DTD/xhtml1-transitional.dtd">
<html xmlns="http://www.w3.org/1999/xhtml" xml:lang="en" lang="en">
 <head>
  <title>
</title>
<meta http-equiv="Content-Type" content="text/html;charset=utf-8" />
  <meta name='ocr-system' content='tesseract 3.04.00' />
  <meta name='ocr-capabilities' content='ocr_page ocr_carea ocr_par ocr_line ocrx_word'/>
</head>
<body>
  <div class='ocr_page' id='page_1' title='image "bibliothecaclas119lemagoog_0339.png"; bbox 0 0 2859 4975; ppageno 0'>
   <div class='ocr_carea' id='block_1_1' title="bbox 17 3324 25 3407">
    <p class='ocr_par' dir='ltr' id='par_1_1' title="bbox 17 3324 25 3449">
     <span class='ocr_line' id='line_1_1' title="bbox 17 3324 25 3407; baseline 0 -40"><span class='ocrx_word' id='word_1_1' title='bbox 17 3324 25 3407; x_wconf 47' lang='lat' dir='ltr'>J.</span> 
     </span>
    </p>
   </div>
   <div class='ocr_carea' id='block_1_2' title="bbox 103 443 1165 465">
    <p class='ocr_par' dir='ltr' id='par_1_2' title="bbox 103 443 1165 465">
     <span class='ocr_line' id='line_1_2' title="bbox 103 443 1165 465; baseline 0 -1"><span class='ocrx_word' id='word_1_2' title='bbox 103 445 466 464; x_wconf 58' lang='grc' dir='ltr'>ΜΜΜΜἊὮΜΜ</span> <span class='ocrx_word' id='word_1_3' title='bbox 469 443 836 465; x_wconf 54' lang='grc' dir='ltr'>ΜΜὮΜΜΜἏὶΜΜ</span> <span class='ocrx_word' id='word_1_4' title='bbox 839 443 1165 464; x_wconf 53' lang='grc' dir='ltr'>ΜΜΏΜΜΜΜ</span> 
     </span>
    </p>
   </div>
   <div class='ocr_carea' id='block_1_3' title="bbox 205 689 1070 1140">
    <p class='ocr_par' dir='ltr' id='par_1_3' title="bbox 205 689 1070 1140">
     <span class='ocr_line' id='line_1_3' title="bbox 368 689 914 815; baseline -0.014 0.636"><span class='ocrx_word' id='word_1_5' title='bbox 368 689 914 815; x_wconf 84' lang='lat' dir='ltr'><strong>CATALOGUS</strong></span> 
     </span>
     <span class='ocr_line' id='line_1_4' title="bbox 205 936 1070 1140; baseline -0.006 -27"><span class='ocrx_word' id='word_1_6' title='bbox 205 936 1070 1140; x_wconf 71' lang='lat' dir='ltr'>Anoouaurruum</span> 
     </span>
    </p>
   </div>
   <div class='ocr_carea' id='block_1_4' title="bbox 151 1243 960 1358">
    <p class='ocr_par' dir='ltr' id='par_1_4' title="bbox 151 1243 960 1358">
     <span class='ocr_line' id='line_1_5' title="bbox 151 1243 960 1358; baseline -0.002 -2"><span class='ocrx_word' id='word_1_7' title='bbox 151 1311 154 1317; x_wconf 91' lang='lat'>·</span> <span class='ocrx_word' id='word_1_8' title='bbox 247 1243 252 1258; x_wconf 83' lang='lat'>&#39;</span> <span class='ocrx_word' id='word_1_9' title='bbox 304 1272 393 1358; x_wconf 79' lang='lat' dir='ltr'>nx</span> <span class='ocrx_word' id='word_1_10' title='bbox 431 1268 960 1358; x_wconf 69' lang='lat' dir='ltr'>Anoouinrims</span> 
     </span>
    </p>
   </div>
   <div class='ocr_carea' id='block_1_5' title="bbox 373 1504 895 1550">
    <p class='ocr_par' dir='ltr' id='par_1_5' title="bbox 373 1504 895 1550">
     <span class='ocr_line' id='line_1_6' title="bbox 373 1504 895 1550; baseline -0.002 -2"><span class='ocrx_word' id='word_1_11' title='bbox 373 1505 420 1549; x_wconf 86' lang='grc' dir='ltr'>ΕΤ</span> <span class='ocrx_word' id='word_1_12' title='bbox 460 1507 566 1550; x_wconf 74' lang='lat' dir='ltr'>Anus</span> <span class='ocrx_word' id='word_1_13' title='bbox 599 1504 895 1550; x_wconf 70' lang='lat' dir='ltr'>sculrrouinns</span> 
     </span>
    </p>
   </div>
   <div class='ocr_carea' id='block_1_6' title="bbox 261 1646 1030 1774">
    <p class='ocr_par' dir='ltr' id='par_1_6' title="bbox 261 1646 1030 1774">
     <span class='ocr_line' id='line_1_7' title="bbox 261 1646 1030 1774; baseline -0.008 -22"><span class='ocrx_word' id='word_1_14' title='bbox 261 1686 292 1752; x_wconf 80' lang='lat' dir='ltr'><strong>A</strong></span> <span class='ocrx_word' id='word_1_15' title='bbox 322 1687 609 1754; x_wconf 75' lang='lat' dir='ltr'>anemurio</span> <span class='ocrx_word' id='word_1_16' title='bbox 643 1646 979 1773; x_wconf 70' lang='lat' dir='ltr'>coemeras(</span> <span class='ocrx_word' id='word_1_17' title='bbox 1003 1680 1030 1774; x_wconf 79' lang='grc'>).</span> 
     </span>
    </p>
   </div>
   <div class='ocr_carea' id='block_1_7' title="bbox 391 1931 832 1968">
    <p class='ocr_par' dir='ltr' id='par_1_7' title="bbox 391 1931 832 1968">
     <span class='ocr_line' id='line_1_8' title="bbox 391 1931 832 1968; baseline 0.005 -2"><span class='ocrx_word' id='word_1_18' title='bbox 391 1931 832 1968; x_wconf 30' lang='grc' dir='ltr'>’ψήφων-</span> 
     </span>
    </p>
   </div>
   <div class='ocr_carea' id='block_1_8' title="bbox 99 2159 1164 3450">
    <p class='ocr_par' dir='ltr' id='par_1_8' title="bbox 99 2159 1164 3450">
     <span class='ocr_line' id='line_1_9' title="bbox 100 2159 1162 2281; baseline -0.001 -24"><span class='ocrx_word' id='word_1_19' title='bbox 100 2159 304 2258; x_wconf 70' lang='lat' dir='ltr'>Acasfus</span> <span class='ocrx_word' id='word_1_20' title='bbox 328 2191 373 2280; x_wconf 82' lang='lat'>(2)</span> <span class='ocrx_word' id='word_1_21' title='bbox 393 2193 503 2274; x_wconf 65' lang='lat' dir='ltr'>reru,</span> <span class='ocrx_word' id='word_1_22' title='bbox 523 2195 605 2281; x_wconf 68' lang='lat' dir='ltr'>regis</span> <span class='ocrx_word' id='word_1_23' title='bbox 624 2194 811 2274; x_wconf 67' lang='lat' dir='ltr'><strong>Thessaliae,</strong></span> <span class='ocrx_word' id='word_1_24' title='bbox 830 2192 916 2256; x_wconf 70' lang='lat' dir='ltr'>nius</span> <span class='ocrx_word' id='word_1_25' title='bbox 942 2216 981 2256; x_wconf 71' lang='lat' dir='ltr'>ex</span> <span class='ocrx_word' id='word_1_26' title='bbox 1005 2194 1162 2274; x_wconf 59' lang='lat' dir='ltr'>Anauni</span> 
     </span>
     <span class='ocr_line' id='line_1_10' title="bbox 101 2297 1162 2389; baseline 0 -27"><span class='ocrx_word' id='word_1_27' title='bbox 101 2297 189 2384; x_wconf 88' lang='lat' dir='ltr'>(sive</span> <span class='ocrx_word' id='word_1_28' title='bbox 202 2317 242 2364; x_wconf 90' lang='lat' dir='ltr'>ut</span> <span class='ocrx_word' id='word_1_29' title='bbox 257 2302 324 2381; x_wconf 85' lang='lat' dir='ltr'>alii,</span> <span class='ocrx_word' id='word_1_30' title='bbox 341 2316 423 2365; x_wconf 88' lang='lat' dir='ltr'>teste</span> <span class='ocrx_word' id='word_1_31' title='bbox 438 2299 655 2388; x_wconf 82' lang='lat' dir='ltr'>Apollodoro,</span> <span class='ocrx_word' id='word_1_32' title='bbox 673 2301 729 2364; x_wconf 89' lang='lat' dir='ltr'>lib.</span> <span class='ocrx_word' id='word_1_33' title='bbox 748 2302 781 2382; x_wconf 93' lang='lat' dir='ltr'>l,</span> <span class='ocrx_word' id='word_1_34' title='bbox 798 2325 831 2389; x_wconf 88' lang='lat' dir='ltr'>p.</span> <span class='ocrx_word' id='word_1_35' title='bbox 848 2300 908 2373; x_wconf 79' lang='lat'>36,</span> <span class='ocrx_word' id='word_1_36' title='bbox 930 2300 1162 2385; x_wconf 85' lang='lat' dir='ltr'>Philomaohe)</span> 
     </span>
     <span class='ocr_line' id='line_1_11' title="bbox 100 2403 1163 2495; baseline 0.002 -29"><span class='ocrx_word' id='word_1_37' title='bbox 100 2406 225 2469; x_wconf 82' lang='lat' dir='ltr'>Biantis.</span> <span class='ocrx_word' id='word_1_38' title='bbox 245 2403 327 2486; x_wconf 83' lang='lat' dir='ltr'>filia3</span> <span class='ocrx_word' id='word_1_39' title='bbox 355 2407 413 2493; x_wconf 90' lang='lat' dir='ltr'>qui</span> <span class='ocrx_word' id='word_1_40' title='bbox 437 2406 508 2469; x_wconf 83' lang='lat' dir='ltr'>Bias</span> <span class='ocrx_word' id='word_1_41' title='bbox 535 2422 583 2468; x_wconf 86' lang='lat' dir='ltr'>est</span> <span class='ocrx_word' id='word_1_42' title='bbox 605 2407 822 2495; x_wconf 82' lang='lat' dir='ltr'>Amythaonis</span> <span class='ocrx_word' id='word_1_43' title='bbox 845 2406 954 2486; x_wconf 69' lang='lat' dir='ltr'>filius,</span> <span class='ocrx_word' id='word_1_44' title='bbox 975 2405 1027 2468; x_wconf 90' lang='lat' dir='ltr'>ille</span> <span class='ocrx_word' id='word_1_45' title='bbox 1044 2422 1163 2482; x_wconf 23' lang='lat' dir='ltr'>,autem</span> 
     </span>
     <span class='ocr_line' id='line_1_12' title="bbox 100 2494 1164 2599; baseline 0.002 -27"><span class='ocrx_word' id='word_1_46' title='bbox 100 2512 242 2594; x_wconf 86' lang='lat' dir='ltr'>Crethei,</span> <span class='ocrx_word' id='word_1_47' title='bbox 259 2494 314 2576; x_wconf 85' lang='lat' dir='ltr'>hic</span> <span class='ocrx_word' id='word_1_48' title='bbox 327 2512 510 2593; x_wconf 87' lang='lat' dir='ltr'>veroAEoli,</span> <span class='ocrx_word' id='word_1_49' title='bbox 526 2536 562 2575; x_wconf 86' lang='lat' dir='ltr'>ex</span> <span class='ocrx_word' id='word_1_50' title='bbox 581 2536 647 2599; x_wconf 89' lang='lat' dir='ltr'>quo</span> <span class='ocrx_word' id='word_1_51' title='bbox 665 2529 696 2576; x_wconf 85' lang='lat' dir='ltr'>et</span> <span class='ocrx_word' id='word_1_52' title='bbox 710 2514 813 2577; x_wconf 82' lang='lat' dir='ltr'>Pelias</span> <span class='ocrx_word' id='word_1_53' title='bbox 830 2513 1062 2577; x_wconf 83' lang='lat' dir='ltr'>descendebat:</span> <span class='ocrx_word' id='word_1_54' title='bbox 1079 2511 1164 2575; x_wconf 88' lang='lat' dir='ltr'>filius</span> 
     </span>
     <span class='ocr_line' id='line_1_13' title="bbox 100 2616 1163 2705; baseline 0.004 -28"><span class='ocrx_word' id='word_1_55' title='bbox 100 2616 182 2679; x_wconf 90' lang='lat' dir='ltr'>enim</span> <span class='ocrx_word' id='word_1_56' title='bbox 192 2620 318 2705; x_wconf 83' lang='lat' dir='ltr'>Tyrus,</span> <span class='ocrx_word' id='word_1_57' title='bbox 334 2616 405 2681; x_wconf 83' lang='lat' dir='ltr'>filiae</span> <span class='ocrx_word' id='word_1_58' title='bbox 417 2619 580 2682; x_wconf 83' lang='lat' dir='ltr'>Salmonei</span> <span class='ocrx_word' id='word_1_59' title='bbox 593 2618 663 2705; x_wconf 89' lang='lat' dir='ltr'>(qui</span> <span class='ocrx_word' id='word_1_60' title='bbox 676 2620 805 2682; x_wconf 88' lang='lat' dir='ltr'>Crethei</span> <span class='ocrx_word' id='word_1_61' title='bbox 816 2620 916 2682; x_wconf 83' lang='lat' dir='ltr'>frater</span> <span class='ocrx_word' id='word_1_62' title='bbox 934 2635 967 2682; x_wconf 88' lang='lat' dir='ltr'>et</span> <span class='ocrx_word' id='word_1_63' title='bbox 976 2618 1063 2683; x_wconf 87' lang='lat' dir='ltr'>AEoli</span> <span class='ocrx_word' id='word_1_64' title='bbox 1079 2617 1163 2682; x_wconf 85' lang='lat' dir='ltr'>filius</span> 
     </span>
     <span class='ocr_line' id='line_1_14' title="bbox 100 2724 1163 2813; baseline 0.002 -28"><span class='ocrx_word' id='word_1_65' title='bbox 100 2739 177 2803; x_wconf 84' lang='lat' dir='ltr'>erat,</span> <span class='ocrx_word' id='word_1_66' title='bbox 196 2725 279 2800; x_wconf 51' lang='lat' dir='ltr'>lieet¹</span> <span class='ocrx_word' id='word_1_67' title='bbox 292 2724 457 2788; x_wconf 83' lang='lat' dir='ltr'>Diodorus</span> <span class='ocrx_word' id='word_1_68' title='bbox 481 2726 625 2804; x_wconf 89' lang='lat' dir='ltr'>Siculus,</span> <span class='ocrx_word' id='word_1_69' title='bbox 644 2726 700 2788; x_wconf 91' lang='lat' dir='ltr'>lib.</span> <span class='ocrx_word' id='word_1_70' title='bbox 720 2728 776 2805; x_wconf 88' lang='lat' dir='ltr'>IV,</span> <span class='ocrx_word' id='word_1_71' title='bbox 797 2750 829 2813; x_wconf 90' lang='lat' dir='ltr'>p.</span> <span class='ocrx_word' id='word_1_72' title='bbox 854 2726 931 2806; x_wconf 87' lang='lat'>188,</span> <span class='ocrx_word' id='word_1_73' title='bbox 947 2724 1044 2789; x_wconf 83' lang='lat' dir='ltr'>faciat</span> <span class='ocrx_word' id='word_1_74' title='bbox 1060 2724 1163 2809; x_wconf 83' lang='lat' dir='ltr'>filium</span> 
     </span>
     <span class='ocr_line' id='line_1_15' title="bbox 99 2819 1161 2919; baseline 0 -26"><span class='ocrx_word' id='word_1_75' title='bbox 99 2828 257 2912; x_wconf 82' lang='lat' dir='ltr'>Hellenis,</span> <span class='ocrx_word' id='word_1_76' title='bbox 276 2831 363 2895; x_wconf 87' lang='lat' dir='ltr'>AEoli</span> <span class='ocrx_word' id='word_1_77' title='bbox 376 2830 561 2919; x_wconf 83' lang='lat' dir='ltr'>nepotem),</span> <span class='ocrx_word' id='word_1_78' title='bbox 581 2848 613 2893; x_wconf 85' lang='lat' dir='ltr'>et</span> <span class='ocrx_word' id='word_1_79' title='bbox 630 2832 794 2919; x_wconf 85' lang='lat' dir='ltr'>Neptuni,</span> <span class='ocrx_word' id='word_1_80' title='bbox 812 2819 996 2896; x_wconf 42' lang='lat' dir='ltr'>erat&#39;frater</span> <span class='ocrx_word' id='word_1_81' title='bbox 1012 2832 1161 2895; x_wconf 89' lang='lat' dir='ltr'>uterinus</span> 
     </span>
     <span class='ocr_line' id='line_1_16' title="bbox 99 2935 1164 3025; baseline 0.001 -25"><span class='ocrx_word' id='word_1_82' title='bbox 99 2935 239 3017; x_wconf 89' lang='lat' dir='ltr'>AEsonis,</span> <span class='ocrx_word' id='word_1_83' title='bbox 250 2936 307 3023; x_wconf 92' lang='lat' dir='ltr'>qui</span> <span class='ocrx_word' id='word_1_84' title='bbox 318 2960 357 2999; x_wconf 86' lang='lat' dir='ltr'>ex</span> <span class='ocrx_word' id='word_1_85' title='bbox 367 2936 479 3001; x_wconf 87' lang='lat' dir='ltr'>eadem</span> <span class='ocrx_word' id='word_1_86' title='bbox 488 2939 575 3023; x_wconf 85' lang='lat' dir='ltr'>Tyro</span> <span class='ocrx_word' id='word_1_87' title='bbox 587 2953 618 3000; x_wconf 87' lang='lat' dir='ltr'>et</span> <span class='ocrx_word' id='word_1_88' title='bbox 628 2938 768 3001; x_wconf 89' lang='lat' dir='ltr'>Cretheo</span> <span class='ocrx_word' id='word_1_89' title='bbox 778 2954 846 3001; x_wconf 88' lang='lat' dir='ltr'>erat</span> <span class='ocrx_word' id='word_1_90' title='bbox 855 2954 960 3001; x_wconf 86' lang='lat' dir='ltr'>natus.</span> <span class='ocrx_word' id='word_1_91' title='bbox 972 2938 1020 3000; x_wconf 88' lang='lat' dir='ltr'>Ab</span> <span class='ocrx_word' id='word_1_92' title='bbox 1029 2939 1164 3025; x_wconf 86' lang='lat' dir='ltr'>Etymo·</span> 
     </span>
     <span class='ocr_line' id='line_1_17' title="bbox 99 3040 1162 3131; baseline 0.002 -28"><span class='ocrx_word' id='word_1_93' title='bbox 99 3041 190 3129; x_wconf 84' lang='lat' dir='ltr'>logici</span> <span class='ocrx_word' id='word_1_94' title='bbox 198 3042 311 3131; x_wconf 86' lang='lat' dir='ltr'>Magni</span> <span class='ocrx_word' id='word_1_95' title='bbox 320 3058 452 3105; x_wconf 86' lang='lat' dir='ltr'>auctore</span> <span class='ocrx_word' id='word_1_96' title='bbox 464 3040 583 3105; x_wconf 88' lang='lat' dir='ltr'>dieitur</span> <span class='ocrx_word' id='word_1_97' title='bbox 595 3052 678 3122; x_wconf 68' lang='grc' dir='ltr'>πατὴρ</span> <span class='ocrx_word' id='word_1_98' title='bbox 688 3044 854 3122; x_wconf 53' lang='lat' dir='ltr'>ludeslene,</span> <span class='ocrx_word' id='word_1_99' title='bbox 867 3066 970 3130; x_wconf 89' lang='lat' dir='ltr'>quum</span> <span class='ocrx_word' id='word_1_100' title='bbox 982 3043 1082 3108; x_wconf 86' lang='lat' dir='ltr'>fuerit</span> <span class='ocrx_word' id='word_1_101' title='bbox 1093 3044 1162 3122; x_wconf 82' lang='lat' dir='ltr'>ejus</span> 
     </span>
     <span class='ocr_line' id='line_1_18' title="bbox 100 3140 1162 3237; baseline 0.002 -28"><span class='ocrx_word' id='word_1_102' title='bbox 100 3149 210 3229; x_wconf 80' lang='lat' dir='ltr'>irater,</span> <span class='ocrx_word' id='word_1_103' title='bbox 229 3148 290 3213; x_wconf 87' lang='lat' dir='ltr'>nisi</span> <span class='ocrx_word' id='word_1_104' title='bbox 305 3150 397 3211; x_wconf 87' lang='lat' dir='ltr'>locus</span> <span class='ocrx_word' id='word_1_105' title='bbox 423 3149 465 3213; x_wconf 85' lang='lat' dir='ltr'>sit</span> <span class='ocrx_word' id='word_1_106' title='bbox 489 3166 678 3236; x_wconf 77' lang='lat' dir='ltr'>corruptus,</span> <span class='ocrx_word' id='word_1_107' title='bbox 704 3165 737 3211; x_wconf 85' lang='lat' dir='ltr'>et</span> <span class='ocrx_word' id='word_1_108' title='bbox 757 3148 949 3237; x_wconf 86' lang='lat' dir='ltr'>legendum,</span> <span class='ocrx_word' id='word_1_109' title='bbox 969 3151 1083 3221; x_wconf 67' lang='grc' dir='ltr'>Ᾱκαστος</span> <span class='ocrx_word' id='word_1_110' title='bbox 1097 3140 1100 3145; x_wconf 55' lang='grc'><strong>’</strong></span> <span class='ocrx_word' id='word_1_111' title='bbox 1114 3160 1162 3219; x_wconf 77' lang='grc' dir='ltr'>υἱὸς</span> 
     </span>
     <span class='ocr_line' id='line_1_19' title="bbox 100 3251 1162 3344; baseline 0.006 -31"><span class='ocrx_word' id='word_1_112' title='bbox 100 3265 197 3322; x_wconf 77' lang='grc' dir='ltr'><strong>Πελίου,</strong></span> <span class='ocrx_word' id='word_1_113' title='bbox 214 3267 309 3333; x_wconf 70' lang='grc' dir='ltr'>πατρός</span> <span class='ocrx_word' id='word_1_114' title='bbox 319 3256 517 3325; x_wconf 55' lang='lat' dir='ltr'>ramulorum.</span> <span class='ocrx_word' id='word_1_115' title='bbox 533 3256 617 3319; x_wconf 85' lang='lat' dir='ltr'>Nam</span> <span class='ocrx_word' id='word_1_116' title='bbox 634 3251 668 3317; x_wconf 91' lang='lat' dir='ltr'>id</span> <span class='ocrx_word' id='word_1_117' title='bbox 684 3254 753 3341; x_wconf 90' lang='lat' dir='ltr'>ipse</span> <span class='ocrx_word' id='word_1_118' title='bbox 770 3255 862 3317; x_wconf 91' lang='lat' dir='ltr'>locus</span> <span class='ocrx_word' id='word_1_119' title='bbox 879 3256 1054 3343; x_wconf 83' lang='lat' dir='ltr'>Euripidis,</span> <span class='ocrx_word' id='word_1_120' title='bbox 1064 3279 1162 3344; x_wconf 85' lang='lat' dir='ltr'>quern</span> 
     </span>
     <span class='ocr_line' id='line_1_20' title="bbox 100 3357 1161 3450; baseline 0.005 -30"><span class='ocrx_word' id='word_1_121' title='bbox 100 3358 229 3423; x_wconf 89' lang='lat' dir='ltr'>adducit</span> <span class='ocrx_word' id='word_1_122' title='bbox 246 3376 375 3441; x_wconf 88' lang='lat' dir='ltr'>auctor,</span> <span class='ocrx_word' id='word_1_123' title='bbox 393 3368 432 3421; x_wconf 85' lang='lat' dir='ltr'>ex</span> <span class='ocrx_word' id='word_1_124' title='bbox 448 3358 618 3439; x_wconf 86' lang='lat' dir='ltr'>Alcestide,</span> <span class='ocrx_word' id='word_1_125' title='bbox 635 3382 717 3422; x_wconf 89' lang='lat' dir='ltr'>vers.</span> <span class='ocrx_word' id='word_1_126' title='bbox 736 3357 818 3445; x_wconf 81' lang='lat'>732,</span> <span class='ocrx_word' id='word_1_127' title='bbox 836 3359 973 3441; x_wconf 87' lang='lat' dir='ltr'>indicat,</span> <span class='ocrx_word' id='word_1_128' title='bbox 991 3362 1048 3423; x_wconf 93' lang='lat' dir='ltr'>ubi</span> <span class='ocrx_word' id='word_1_129' title='bbox 1067 3366 1161 3450; x_wconf 64' lang='grc' dir='ltr'>ἀδελφὴ</span> 
     </span>
    </p>
   </div>
   <div class='ocr_carea' id='block_1_9' title="bbox 17 3463 1164 3553">
    <p class='ocr_par' dir='ltr' id='par_1_9' title="bbox 17 3463 1164 3553">
     <span class='ocr_line' id='line_1_21' title="bbox 17 3463 1164 3553; baseline 0.005 -28"><span class='ocrx_word' id='word_1_130' title='bbox 17 3520 18 3537; x_wconf 52' lang='lat'>,</span> <span class='ocrx_word' id='word_1_131' title='bbox 102 3463 233 3547; x_wconf 86' lang='lat' dir='ltr'>dicitur,</span> <span class='ocrx_word' id='word_1_132' title='bbox 254 3482 286 3529; x_wconf 89' lang='lat' dir='ltr'>et</span> <span class='ocrx_word' id='word_1_133' title='bbox 300 3466 490 3530; x_wconf 74' lang='lat' dir='ltr'>scholiastes</span> <span class='ocrx_word' id='word_1_134' title='bbox 510 3464 691 3529; x_wconf 88' lang='lat' dir='ltr'>confirmat.</span> <span class='ocrx_word' id='word_1_135' title='bbox 711 3466 773 3529; x_wconf 89' lang='lat' dir='ltr'>Hic</span> <span class='ocrx_word' id='word_1_136' title='bbox 790 3465 875 3527; x_wconf 89' lang='lat' dir='ltr'>inter</span> <span class='ocrx_word' id='word_1_137' title='bbox 891 3470 1094 3553; x_wconf 86' lang='lat' dir='ltr'>Argonautas</span> <span class='ocrx_word' id='word_1_138' title='bbox 1110 3491 1164 3531; x_wconf 92' lang='lat' dir='ltr'>re-</span> 
     </span>
    </p>
   </div>
   <div class='ocr_carea' id='block_1_10' title="bbox 103 3570 1163 3659">
    <p class='ocr_par' dir='ltr' id='par_1_10' title="bbox 103 3570 1163 3659">
     <span class='ocr_line' id='line_1_22' title="bbox 103 3570 1163 3659; baseline 0.005 -27"><span class='ocrx_word' id='word_1_139' title='bbox 103 3570 202 3633; x_wconf 87' lang='lat' dir='ltr'>fertur</span> <span class='ocrx_word' id='word_1_140' title='bbox 218 3572 258 3634; x_wconf 86' lang='lat' dir='ltr'>ab</span> <span class='ocrx_word' id='word_1_141' title='bbox 273 3571 446 3658; x_wconf 88' lang='lat' dir='ltr'>Apollonio</span> <span class='ocrx_word' id='word_1_142' title='bbox 459 3570 606 3652; x_wconf 88' lang='lat' dir='ltr'>Rhodio,</span> <span class='ocrx_word' id='word_1_143' title='bbox 624 3571 679 3635; x_wconf 90' lang='lat' dir='ltr'>lib.</span> <span class='ocrx_word' id='word_1_144' title='bbox 696 3573 726 3651; x_wconf 89' lang='lat' dir='ltr'>l,</span> <span class='ocrx_word' id='word_1_145' title='bbox 747 3574 827 3652; x_wconf 69' lang='lat'>2243</span> <span class='ocrx_word' id='word_1_146' title='bbox 838 3571 980 3659; x_wconf 85' lang='lat' dir='ltr'>Hygino,</span> <span class='ocrx_word' id='word_1_147' title='bbox 991 3573 1060 3648; x_wconf 86' lang='lat' dir='ltr'>¹fab.</span> <span class='ocrx_word' id='word_1_148' title='bbox 1072 3574 1163 3655; x_wconf 88' lang='lat' dir='ltr'>XIV,</span> 
     </span>
    </p>
   </div>
   <div class='ocr_carea' id='block_1_11' title="bbox 104 3676 1163 3870">
    <p class='ocr_par' dir='ltr' id='par_1_11' title="bbox 104 3676 1163 3870">
     <span class='ocr_line' id='line_1_23' title="bbox 105 3676 1162 3765; baseline 0.006 -27"><span class='ocrx_word' id='word_1_149' title='bbox 105 3692 135 3738; x_wconf 88' lang='lat' dir='ltr'>et</span> <span class='ocrx_word' id='word_1_150' title='bbox 152 3693 263 3739; x_wconf 89' lang='lat' dir='ltr'>nostro</span> <span class='ocrx_word' id='word_1_151' title='bbox 286 3693 382 3763; x_wconf 86' lang='lat' dir='ltr'>poeta</span> <span class='ocrx_word' id='word_1_152' title='bbox 393 3700 401 3758; x_wconf 92' lang='lat'>;</span> <span class='ocrx_word' id='word_1_153' title='bbox 414 3676 576 3739; x_wconf 83' lang='lat' dir='ltr'>omittitur</span> <span class='ocrx_word' id='word_1_154' title='bbox 595 3700 672 3741; x_wconf 86' lang='lat' dir='ltr'>vero</span> <span class='ocrx_word' id='word_1_155' title='bbox 688 3678 729 3740; x_wconf 86' lang='lat' dir='ltr'>ab</span> <span class='ocrx_word' id='word_1_156' title='bbox 746 3676 946 3764; x_wconf 84' lang='lat' dir='ltr'>Apollodoro</span> <span class='ocrx_word' id='word_1_157' title='bbox 963 3693 996 3741; x_wconf 86' lang='lat' dir='ltr'>et</span> <span class='ocrx_word' id='word_1_158' title='bbox 1020 3678 1162 3765; x_wconf 78' lang='lat' dir='ltr'>Orpheo.</span> 
     </span>
     <span class='ocr_line' id='line_1_24' title="bbox 104 3779 1163 3870; baseline 0.006 -29"><span class='ocrx_word' id='word_1_159' title='bbox 104 3779 199 3844; x_wconf 86' lang='lat' dir='ltr'>Poeta</span> <span class='ocrx_word' id='word_1_160' title='bbox 215 3798 340 3864; x_wconf 85' lang='lat' dir='ltr'>noster,</span> <span class='ocrx_word' id='word_1_161' title='bbox 359 3782 415 3846; x_wconf 90' lang='lat' dir='ltr'>lib.</span> <span class='ocrx_word' id='word_1_162' title='bbox 430 3784 463 3863; x_wconf 89' lang='lat'>1,</span> <span class='ocrx_word' id='word_1_163' title='bbox 480 3804 561 3845; x_wconf 79' lang='lat' dir='ltr'>vere.</span> <span class='ocrx_word' id='word_1_164' title='bbox 583 3783 642 3847; x_wconf 80' lang='lat'>163</span> <span class='ocrx_word' id='word_1_165' title='bbox 663 3799 694 3846; x_wconf 89' lang='lat' dir='ltr'>et</span> <span class='ocrx_word' id='word_1_166' title='bbox 710 3782 791 3863; x_wconf 72' lang='grc'>484,</span> <span class='ocrx_word' id='word_1_167' title='bbox 810 3805 886 3845; x_wconf 89' lang='lat' dir='ltr'>eum</span> <span class='ocrx_word' id='word_1_168' title='bbox 906 3806 924 3845; x_wconf 91' lang='lat' dir='ltr'>a</span> <span class='ocrx_word' id='word_1_169' title='bbox 950 3784 1066 3845; x_wconf 88' lang='lat' dir='ltr'>Jasone</span> <span class='ocrx_word' id='word_1_170' title='bbox 1088 3806 1163 3870; x_wconf 89' lang='lat' dir='ltr'>per·</span> 
     </span>
    </p>
   </div>
   <div class='ocr_carea' id='block_1_12' title="bbox 106 3966 1164 4218">
    <p class='ocr_par' dir='ltr' id='par_1_12' title="bbox 106 3966 1164 4218">
     <span class='ocr_line' id='line_1_25' title="bbox 136 3966 1002 4039; baseline 0.005 -20"><span class='ocrx_word' id='word_1_171' title='bbox 136 3969 173 4035; x_wconf 84' lang='lat' dir='ltr'>(i)</span> <span class='ocrx_word' id='word_1_172' title='bbox 187 3966 257 4019; x_wconf 88' lang='lat' dir='ltr'>Vide</span> <span class='ocrx_word' id='word_1_173' title='bbox 267 3970 360 4021; x_wconf 87' lang='lat' dir='ltr'>Burm.</span> <span class='ocrx_word' id='word_1_174' title='bbox 370 3968 469 4039; x_wconf 80' lang='lat' dir='ltr'>praefat.</span> <span class='ocrx_word' id='word_1_175' title='bbox 478 3968 519 4033; x_wconf 89' lang='lat' dir='ltr'>H,</span> <span class='ocrx_word' id='word_1_176' title='bbox 533 3980 553 4020; x_wconf 78' lang='lat' dir='ltr'>t.</span> <span class='ocrx_word' id='word_1_177' title='bbox 564 3970 592 4033; x_wconf 86' lang='grc' dir='ltr'>Ι,</span> <span class='ocrx_word' id='word_1_178' title='bbox 606 3988 664 4039; x_wconf 78' lang='lat' dir='ltr'>pag.</span> <span class='ocrx_word' id='word_1_179' title='bbox 675 3988 787 4022; x_wconf 81' lang='lat' dir='ltr'>onxxrn.</span> <span class='ocrx_word' id='word_1_180' title='bbox 798 3970 851 4022; x_wconf 89' lang='lat' dir='ltr'>En.</span> <span class='ocrx_word' id='word_1_181' title='bbox 999 4027 1002 4032; x_wconf 66' lang='grc'>,</span> 
     </span>
     <span class='ocr_line' id='line_1_26' title="bbox 138 4056 1164 4134; baseline 0.006 -29"><span class='ocrx_word' id='word_1_182' title='bbox 138 4056 174 4122; x_wconf 70' lang='grc' dir='ltr'>(ι)</span> <span class='ocrx_word' id='word_1_183' title='bbox 191 4058 244 4109; x_wconf 79' lang='lat' dir='ltr'>Rex</span> <span class='ocrx_word' id='word_1_184' title='bbox 256 4056 338 4121; x_wconf 86' lang='lat' dir='ltr'>Iolci,</span> <span class='ocrx_word' id='word_1_185' title='bbox 357 4074 414 4129; x_wconf 82' lang='lat' dir='ltr'>quae</span> <span class='ocrx_word' id='word_1_186' title='bbox 428 4070 484 4109; x_wconf 86' lang='lat' dir='ltr'>erat</span> <span class='ocrx_word' id='word_1_187' title='bbox 497 4057 657 4127; x_wconf 78' lang='lat' dir='ltr'>Magnesiae,</span> <span class='ocrx_word' id='word_1_188' title='bbox 673 4056 721 4109; x_wconf 85' lang='lat' dir='ltr'>sed</span> <span class='ocrx_word' id='word_1_189' title='bbox 735 4078 751 4111; x_wconf 81' lang='lat' dir='ltr'>u</span> <span class='ocrx_word' id='word_1_190' title='bbox 771 4058 847 4110; x_wconf 80' lang='lat' dir='ltr'>Peleo</span> <span class='ocrx_word' id='word_1_191' title='bbox 858 4057 954 4112; x_wconf 83' lang='lat' dir='ltr'>deinde</span> <span class='ocrx_word' id='word_1_192' title='bbox 967 4070 1070 4111; x_wconf 75' lang='lat' dir='ltr'>asserta</span> <span class='ocrx_word' id='word_1_193' title='bbox 1079 4059 1164 4134; x_wconf 76' lang='lat' dir='ltr'>Thes·</span> 
     </span>
     <span class='ocr_line' id='line_1_27' title="bbox 106 4128 1127 4218; baseline 0.009 -27"><span class='ocrx_word' id='word_1_194' title='bbox 106 4141 177 4211; x_wconf 57' lang='lat' dir='ltr'>salia.</span> <span class='ocrx_word' id='word_1_195' title='bbox 188 4142 292 4198; x_wconf 83' lang='lat' dir='ltr'>Pindar.</span> <span class='ocrx_word' id='word_1_196' title='bbox 307 4146 384 4199; x_wconf 86' lang='lat' dir='ltr'>Nem.</span> <span class='ocrx_word' id='word_1_197' title='bbox 395 4128 500 4213; x_wconf 42' lang='lat' dir='ltr'>odslV,</span> <span class='ocrx_word' id='word_1_198' title='bbox 515 4146 548 4197; x_wconf 90' lang='lat'>88</span> <span class='ocrx_word' id='word_1_199' title='bbox 559 4164 617 4218; x_wconf 86' lang='lat' dir='ltr'>sqq.</span> <span class='ocrx_word' id='word_1_200' title='bbox 629 4156 654 4197; x_wconf 87' lang='lat' dir='ltr'>et</span> <span class='ocrx_word' id='word_1_201' title='bbox 669 4150 779 4211; x_wconf 76' lang='lat' dir='ltr'>Verlreyk</span> <span class='ocrx_word' id='word_1_202' title='bbox 793 4165 854 4201; x_wconf 88' lang='lat' dir='ltr'>mox</span> <span class='ocrx_word' id='word_1_203' title='bbox 867 4147 1025 4203; x_wconf 78' lang='lat' dir='ltr'>laudandus.</span> <span class='ocrx_word' id='word_1_204' title='bbox 1038 4147 1127 4210; x_wconf 69' lang='lat' dir='ltr'>Hane.</span> 
     </span>
    </p>
   </div>
   <div class='ocr_carea' id='block_1_13' title="bbox 0 0 1440 4975">
    <p class='ocr_par' dir='ltr' id='par_1_13' title="bbox 0 0 1440 4975">
     <span class='ocr_line' id='line_1_28' title="bbox 0 0 1440 4975; baseline 0 0"><span class='ocrx_word' id='word_1_205' title='bbox 0 0 1440 4975; x_wconf 95' lang='lat' dir='ltr'> </span> 
     </span>
    </p>
   </div>
  </div>
 </body>
</html>
