2859 4975
423 438 787 530 ARGONAU'llca.
1076 459 1140 521 299

104 570 391 657 Rhindaciumque
406 569 471 648 cito
490 590 590 632 cursu
606 583 677 631 turn
693 567 838 655 praeterit
852 587 994 630 amnem.

153 682 240 746 Hinc
252 683 318 760 jam
333 681 408 746 litus
427 703 538 746 amans
555 680 709 769 gaudenti
723 680 846 768 remige
859 697 975 768 portus

106 797 215 859 Intrat
232 817 384 858 arenosos
399 818 407 858 :
425 795 575 858 manibus
594 811 674 858 tunc
687 815 766 882 ergo
782 793 940 857 rudentes

107 911 291 1000 Colligere,
305 926 338 974 et
351 911 428 975 loris
445 911 637 975 subnectere
650 911 720 974 vela
730 909 895 988 jubemur.

104 1027 193 1090 Hinc
210 1028 293 1092 scala
310 1026 498 1115 egredimur
514 1025 727 1096 subducta-iu
745 1027 840 1090 litore
853 1025 1010 1114 pulchro,

106 1141 258 1229 Quisque
273 1141 336 1205 cibi
356 1155 519 1236 potusque
532 1163 675 1222 memor;
693 1162 865 1204 nemorosa
880 1139 982 1204 videri

103 1256 265 1344 Arganthi
281 1257 335 1320 hic
351 1257 474 1320 circum
491 1258 641 1345 praecelsa
658 1256 827 1320 cacumina
844 1255 975 1320 montis.

105 1371 195 1434 Tum
210 1375 288 1434 vero
306 1388 465 1453 armatus,
485 1372 578 1436 silvas
595 1371 790 1460 properabat
802 1371 837 1432 in
854 1369 933 1432 altas
948 1376 965 1419 '-

108 1484 258 1567 Alcides,
272 1508 350 1548 arcu
366 1487 496 1574 teloque
509 1486 686 1575 tricuspide
705 1484 869 1567 dextram,

104 1599 265 1663 Venando
283 1615 321 1663 ut
340 1599 482 1688 praedam
503 1601 616 1677 sociis,
635 1621 828 1687 coenamque
843 1613 988 1687 pararet,
1100 1615 1140 1654 ⁶³⁵

15 1767 19 1774 .
103 1717 154 1778 De
169 1737 227 1778 sue
245 1716 297 1779 vel
315 1737 447 1804 caprea,
465 1732 603 1781 cornuta
621 1717 688 1780 sire
702 1715 860 1794 juvenca,

102 1830 259 1916 Dumque
275 1830 364 1893 subit
378 1831 441 1893 late
456 1830 550 1894 silvas
562 1830 643 1894 elam
659 1825 771 1918 puppe
786 1827 918 1909 relicta,

14 2023 15 2032 ἵ
102 1941 195 2005 Pone
212 1959 370 2030 sequutus
387 1944 504 2032 Hylas,
523 1944 694 2032 pravisque
711 1941 877 2005 erroribus
894 1957 1003 2022 actus,

13 2049 15 2094 ³
104 2055 256 2123 Pervenit
269 2057 380 2122 infelix
394 2059 541 2122 habitant
557 2057 711 2121 ubiforte
726 2057 884 2144 palustres

105 2171 301 2258 Speluncam
320 2173 620 2263 Nymphoe,‚visum
638 2195 710 2260 quae
729 2173 880 2260 protinus
898 2172 990 2234 illum
1100 2189 1139 2235 tto

13 2327 15 2346 t
105 2286 290 2351 Imberbem
306 2288 510 2377 similemque
528 2289 613 2370 deis,
630 2310 767 2376 rapuere
784 2287 846 2351 sub
861 2286 986 2368 undas,

13 2377 15 2384 l
105 2401 149 2466 Ut
164 2424 281 2465 secum.
293 2415 378 2466 totos
396 2403 476 2466 senii
493 2403 535 2467 sit
551 2404 678 2467 nescius
696 2425 811 2483 annos.

13 2520 15 2546 '
105 2518 175 2580 Jarn
194 2516 301 2581 medio
317 2538 416 2581 cursu
429 2518 548 2606 rapidis
563 2519 736 2583 altissimus
753 2518 821 2582 ibat

109 2631 252 2695 Phoebus
270 2632 378 2719 equis3
397 2650 550 2697 resonant
564 2634 676 2697 validas
692 2633 734 2698 de
750 2634 918 2698 montibus
934 2656 1033 2716 aurae,

13 2736 14 2783 Ὗ
108 2746 313 2834 Carbasaque
328 2748 390 2812 alta
405 2764 539 2836 petunt,
556 2749 650 2828 jubet
664 2772 743 2838 ergo
759 2750 880 2812 intrare
896 2750 1037 2813 carinam
1096 2767 1136 2806 ⁶1⁵

104 2860 291 2925 Exclamans
305 2863 444 2951 Tiphys,
464 2878 496 2927 et
512 2864 636 2927 solvere
652 2864 747 2927 litore
761 2865 867 2928 funes.

13 2994 14 2999 ’
104 2977 147 3038 At
167 2975 250 3039 citus
266 2975 405 3040 Elatides
421 2978 516 3042 silvas
532 2978 754 3066 Polyphemus
764 2979 891 3061 inibat,

105 3088 147 3150 Ut
163 3107 259 3153 vocet
269 3089 419 3172 Alciden,
437 3091 643 3178 celeremque
661 3090 797 3156 reducat
808 3092 850 3157 ad
861 3095 957 3181 Argo

104 3204 224 3268 Verum
241 3202 329 3269 haud
346 3207 508 3271 occurrit:
525 3208 628 3271 robur
642 3230 718 3270 nam
735 3209 800 3272 fata
812 3209 964 3272 vetabant

105 3318 222 3382 Alcidae
238 3319 389 3385 indomiti
403 3322 591 3411 contingere
604 3321 760 3385 Phasidos
774 3322 889 3387 undas.
1094 3343 1132 3380 σεο

147 3432 235 3522 Ergo
250 3434 308 3497 ubi
320 3436 448 3499 telluris
464 3436 617 3500 infaustae
630 3436 785 3524 liquimus
800 3459 886 3518 oras,

104 3547 162 3611 Hic
171 3547 237 3628 jam
249 3550 389 3637 Amycus
401 3549 610 3638 Bebrycensis
625 3551 723 3615 habet
739 3551 880 3615 crudelia
894 3574 993 3639 regna

104 3662 232 3743 Gentis,
249 3677 281 3727 et
297 3665 465 3734 aetherium
482 3682 695 3729 contemnens
713 3666 826 3753 fasque
848 3668 1042 3754 Iovemque,

103 3766 247 3843 Immane
265 3782 405 3846 instituit
422 3798 534 3846 contra
549 3782 676 3869 hospita
691 3782 765 3862 jura
779 3783 942 3864 duellum,

103 3893 162 3975 Ut,
181 3896 344 3959 stabulum
361 3897 506 3985 quisquis
522 3897 573 3961 vel
591 3898 676 3986 regia
694 3914 778 3961 tecta
794 3898 936 3978 subiret,
1091 3919 1131 3956 ⁶⁵⁵

105 4008 140 4069 ln
155 4010 298 4097 pugilem
318 4010 407 4075 duris
424 4012 509 4074 ineat
528 4012 703 4076 certamina
717 4014 846 4102 pugnis.

106 4123 199 4186 Hunc
212 4124 311 4213 igitur
327 4127 437 4189 stravit
451 4128 481 4190 ri
498 4144 585 4191 vasta
602 4143 633 4191 et
649 4128 766 4192 robore
782 4129 915 4209 Pollux,
