<?xml version="1.0" encoding="UTF-8"?>
<!DOCTYPE html PUBLIC "-//W3C//DTD XHTML 1.0 Transitional//EN"
    "http://www.w3.org/TR/xhtml1/DTD/xhtml1-transitional.dtd">
<html xmlns="http://www.w3.org/1999/xhtml" xml:lang="en" lang="en">
 <head>
  <title>
</title>
<meta http-equiv="Content-Type" content="text/html;charset=utf-8" />
  <meta name='ocr-system' content='tesseract 3.04.00' />
  <meta name='ocr-capabilities' content='ocr_page ocr_carea ocr_par ocr_line ocrx_word'/>
</head>
<body>
  <div class='ocr_page' id='page_1' title='image "bibliothecaclas119lemagoog_0187.png"; bbox 0 0 2859 4975; ppageno 0'>
   <div class='ocr_carea' id='block_1_1' title="bbox 281 445 1132 532">
    <p class='ocr_par' dir='ltr' id='par_1_1' title="bbox 281 445 1132 532">
     <span class='ocr_line' id='line_1_1' title="bbox 281 445 1132 532; baseline 0 -22"><span class='ocrx_word' id='word_1_1' title='bbox 281 445 673 511; x_wconf 82' lang='lat' dir='ltr'><strong>ARGONAUTICON</strong></span> <span class='ocrx_word' id='word_1_2' title='bbox 705 445 792 509; x_wconf 88' lang='lat' dir='ltr'><strong>LIB.</strong></span> <span class='ocrx_word' id='word_1_3' title='bbox 817 445 920 510; x_wconf 87' lang='lat' dir='ltr'>v111.</span> <span class='ocrx_word' id='word_1_4' title='bbox 1072 446 1132 532; x_wconf 76' lang='lat'>173</span> 
     </span>
    </p>
   </div>
   <div class='ocr_carea' id='block_1_2' title="bbox 112 575 1009 885">
    <p class='ocr_par' dir='ltr' id='par_1_2' title="bbox 112 575 1009 885">
     <span class='ocr_line' id='line_1_2' title="bbox 112 575 971 666; baseline -0.005 -23"><span class='ocrx_word' id='word_1_5' title='bbox 112 583 195 644; x_wconf 87' lang='lat' dir='ltr'>Tum</span> <span class='ocrx_word' id='word_1_6' title='bbox 215 600 348 666; x_wconf 91' lang='lat' dir='ltr'>quoque</span> <span class='ocrx_word' id='word_1_7' title='bbox 364 577 485 642; x_wconf 84' lang='lat' dir='ltr'>siderea</span> <span class='ocrx_word' id='word_1_8' title='bbox 504 577 608 642; x_wconf 86' lang='lat' dir='ltr'>clarus</span> <span class='ocrx_word' id='word_1_9' title='bbox 624 576 740 664; x_wconf 90' lang='lat' dir='ltr'>procul</span> <span class='ocrx_word' id='word_1_10' title='bbox 758 597 815 639; x_wconf 87' lang='lat' dir='ltr'>ora</span> <span class='ocrx_word' id='word_1_11' title='bbox 829 575 971 654; x_wconf 85' lang='lat' dir='ltr'>juventa.</span> 
     </span>
     <span class='ocr_line' id='line_1_3' title="bbox 112 691 1009 781; baseline -0.004 -23"><span class='ocrx_word' id='word_1_12' title='bbox 112 695 224 777; x_wconf 84' lang='lat' dir='ltr'>Qualis</span> <span class='ocrx_word' id='word_1_13' title='bbox 243 693 351 760; x_wconf 87' lang='lat' dir='ltr'>adhuc</span> <span class='ocrx_word' id='word_1_14' title='bbox 367 694 483 781; x_wconf 83' lang='lat' dir='ltr'><strong>sparsis</strong></span> <span class='ocrx_word' id='word_1_15' title='bbox 504 691 660 776; x_wconf 77' lang='lat' dir='ltr'>comitum</span> <span class='ocrx_word' id='word_1_16' title='bbox 680 691 858 777; x_wconf 84' lang='lat' dir='ltr'>perlustra</span> <span class='ocrx_word' id='word_1_17' title='bbox 876 691 1009 754; x_wconf 82' lang='lat' dir='ltr'>catervis</span> 
     </span>
     <span class='ocr_line' id='line_1_4' title="bbox 112 804 873 885; baseline -0.009 -12"><span class='ocrx_word' id='word_1_18' title='bbox 112 808 256 873; x_wconf 83' lang='lat' dir='ltr'>Latmius</span> <span class='ocrx_word' id='word_1_19' title='bbox 274 809 380 872; x_wconf 84' lang='lat' dir='ltr'>aestiva</span> <span class='ocrx_word' id='word_1_20' title='bbox 396 806 515 871; x_wconf 81' lang='lat' dir='ltr'>residet</span> <span class='ocrx_word' id='word_1_21' title='bbox 532 822 666 870; x_wconf 87' lang='lat' dir='ltr'>venator</span> <span class='ocrx_word' id='word_1_22' title='bbox 683 805 718 867; x_wconf 90' lang='lat' dir='ltr'>in</span> <span class='ocrx_word' id='word_1_23' title='bbox 739 804 873 885; x_wconf 85' lang='lat' dir='ltr'>umbra,</span> 
     </span>
    </p>
   </div>
   <div class='ocr_carea' id='block_1_3' title="bbox 113 917 910 1012">
    <p class='ocr_par' dir='ltr' id='par_1_3' title="bbox 113 917 910 1012">
     <span class='ocr_line' id='line_1_5' title="bbox 113 917 910 1012; baseline -0.008 -26"><span class='ocrx_word' id='word_1_24' title='bbox 113 924 239 1012; x_wconf 85' lang='lat' dir='ltr'>Dignus</span> <span class='ocrx_word' id='word_1_25' title='bbox 258 945 369 985; x_wconf 81' lang='lat' dir='ltr'>amore</span> <span class='ocrx_word' id='word_1_26' title='bbox 383 921 468 1003; x_wconf 81' lang='lat' dir='ltr'>deae3</span> <span class='ocrx_word' id='word_1_27' title='bbox 486 921 596 1003; x_wconf 83' lang='lat' dir='ltr'>velatis</span> <span class='ocrx_word' id='word_1_28' title='bbox 619 917 773 983; x_wconf 90' lang='lat' dir='ltr'>cornibus</span> <span class='ocrx_word' id='word_1_29' title='bbox 797 918 910 997; x_wconf 79' lang='lat' dir='ltr'>etjam</span> 
     </span>
    </p>
   </div>
   <div class='ocr_carea' id='block_1_4' title="bbox 113 1029 1140 2033">
    <p class='ocr_par' dir='ltr' id='par_1_4' title="bbox 113 1029 1140 1806">
     <span class='ocr_line' id='line_1_6' title="bbox 113 1029 1139 1121; baseline -0.007 -21"><span class='ocrx_word' id='word_1_30' title='bbox 113 1039 205 1101; x_wconf 85' lang='lat' dir='ltr'>Luna</span> <span class='ocrx_word' id='word_1_31' title='bbox 218 1037 327 1100; x_wconf 86' lang='lat' dir='ltr'>venit:</span> <span class='ocrx_word' id='word_1_32' title='bbox 342 1057 437 1100; x_wconf 89' lang='lat' dir='ltr'>roseo</span> <span class='ocrx_word' id='word_1_33' title='bbox 454 1034 524 1098; x_wconf 85' lang='lat' dir='ltr'>talis</span> <span class='ocrx_word' id='word_1_34' title='bbox 540 1055 598 1121; x_wconf 88' lang='lat' dir='ltr'>per</span> <span class='ocrx_word' id='word_1_35' title='bbox 615 1031 727 1095; x_wconf 79' lang='lat' dir='ltr'>nubila</span> <span class='ocrx_word' id='word_1_36' title='bbox 742 1029 859 1095; x_wconf 84' lang='lat' dir='ltr'>ductor</span> <span class='ocrx_word' id='word_1_37' title='bbox 1113 1055 1139 1094; x_wconf 76' lang='lat'>³0</span> 
     </span>
     <span class='ocr_line' id='line_1_7' title="bbox 114 1147 1070 1237; baseline 0 -24"><span class='ocrx_word' id='word_1_38' title='bbox 114 1151 232 1237; x_wconf 85' lang='lat' dir='ltr'><strong>Implet</strong></span> <span class='ocrx_word' id='word_1_39' title='bbox 247 1149 373 1212; x_wconf 89' lang='lat' dir='ltr'>honore</span> <span class='ocrx_word' id='word_1_40' title='bbox 388 1170 520 1228; x_wconf 88' lang='lat' dir='ltr'>nemus,</span> <span class='ocrx_word' id='word_1_41' title='bbox 543 1147 705 1235; x_wconf 82' lang='lat' dir='ltr'>talemque</span> <span class='ocrx_word' id='word_1_42' title='bbox 721 1161 884 1233; x_wconf 82' lang='lat' dir='ltr'>exspectat</span> <span class='ocrx_word' id='word_1_43' title='bbox 899 1163 1070 1214; x_wconf 82' lang='lat' dir='ltr'>arnantem.</span> 
     </span>
     <span class='ocr_line' id='line_1_8' title="bbox 114 1258 927 1352; baseline -0.006 -26"><span class='ocrx_word' id='word_1_44' title='bbox 114 1264 198 1327; x_wconf 84' lang='lat' dir='ltr'>Ecce</span> <span class='ocrx_word' id='word_1_45' title='bbox 216 1278 325 1326; x_wconf 87' lang='lat' dir='ltr'>autem</span> <span class='ocrx_word' id='word_1_46' title='bbox 342 1260 464 1352; x_wconf 80' lang='lat' dir='ltr'>pavidae</span> <span class='ocrx_word' id='word_1_47' title='bbox 479 1261 570 1348; x_wconf 84' lang='lat' dir='ltr'>virgo</span> <span class='ocrx_word' id='word_1_48' title='bbox 588 1258 629 1323; x_wconf 89' lang='lat' dir='ltr'>de</span> <span class='ocrx_word' id='word_1_49' title='bbox 645 1281 736 1323; x_wconf 88' lang='lat' dir='ltr'>more</span> <span class='ocrx_word' id='word_1_50' title='bbox 751 1258 927 1341; x_wconf 70' lang='lat' dir='ltr'>columbe,</span> 
     </span>
     <span class='ocr_line' id='line_1_9' title="bbox 115 1371 981 1465; baseline -0.001 -25"><span class='ocrx_word' id='word_1_51' title='bbox 115 1378 199 1458; x_wconf 84' lang='lat' dir='ltr'>Quae</span> <span class='ocrx_word' id='word_1_52' title='bbox 219 1398 317 1465; x_wconf 86' lang='lat' dir='ltr'>super</span> <span class='ocrx_word' id='word_1_53' title='bbox 335 1375 460 1465; x_wconf 86' lang='lat' dir='ltr'>ingenti</span> <span class='ocrx_word' id='word_1_54' title='bbox 478 1371 675 1439; x_wconf 75' lang='lat' dir='ltr'>circumdata</span> <span class='ocrx_word' id='word_1_55' title='bbox 697 1374 845 1462; x_wconf 84' lang='lat' dir='ltr'>praepetis</span> <span class='ocrx_word' id='word_1_56' title='bbox 865 1375 981 1440; x_wconf 84' lang='lat' dir='ltr'>umbra</span> 
     </span>
     <span class='ocr_line' id='line_1_10' title="bbox 115 1486 1138 1577; baseline 0.002 -24"><span class='ocrx_word' id='word_1_57' title='bbox 115 1493 153 1553; x_wconf 92' lang='lat' dir='ltr'>In</span> <span class='ocrx_word' id='word_1_58' title='bbox 173 1511 414 1577; x_wconf 90' lang='lat' dir='ltr'>quemcumque</span> <span class='ocrx_word' id='word_1_59' title='bbox 428 1505 570 1552; x_wconf 88' lang='lat' dir='ltr'>tremens</span> <span class='ocrx_word' id='word_1_60' title='bbox 583 1487 752 1551; x_wconf 89' lang='lat' dir='ltr'>hominem</span> <span class='ocrx_word' id='word_1_61' title='bbox 765 1486 866 1552; x_wconf 85' lang='lat' dir='ltr'>cadit:</span> <span class='ocrx_word' id='word_1_62' title='bbox 885 1487 973 1553; x_wconf 86' lang='lat' dir='ltr'>haud</span> <span class='ocrx_word' id='word_1_63' title='bbox 984 1513 1076 1556; x_wconf 86' lang='lat' dir='ltr'>secus</span> <span class='ocrx_word' id='word_1_64' title='bbox 1087 1492 1138 1556; x_wconf 82' lang='lat' dir='ltr'>illa</span> 
     </span>
     <span class='ocr_line' id='line_1_11' title="bbox 117 1600 1140 1692; baseline -0.007 -25"><span class='ocrx_word' id='word_1_65' title='bbox 117 1606 184 1669; x_wconf 82' lang='lat' dir='ltr'>Icta</span> <span class='ocrx_word' id='word_1_66' title='bbox 199 1605 316 1667; x_wconf 89' lang='lat' dir='ltr'>timore</span> <span class='ocrx_word' id='word_1_67' title='bbox 337 1602 424 1692; x_wconf 81' lang='lat' dir='ltr'>gravi</span> <span class='ocrx_word' id='word_1_68' title='bbox 444 1600 583 1666; x_wconf 82' lang='lat' dir='ltr'>mediam</span> <span class='ocrx_word' id='word_1_69' title='bbox 599 1623 633 1664; x_wconf 89' lang='lat' dir='ltr'>se</span> <span class='ocrx_word' id='word_1_70' title='bbox 649 1601 801 1683; x_wconf 89' lang='lat' dir='ltr'>immisit;</span> <span class='ocrx_word' id='word_1_71' title='bbox 824 1616 856 1665; x_wconf 85' lang='lat' dir='ltr'>at</span> <span class='ocrx_word' id='word_1_72' title='bbox 874 1601 927 1666; x_wconf 92' lang='lat' dir='ltr'>ille</span> <span class='ocrx_word' id='word_1_73' title='bbox 1115 1622 1140 1661; x_wconf 78' lang='lat' dir='ltr'>st</span> 
     </span>
     <span class='ocr_line' id='line_1_12' title="bbox 117 1715 912 1806; baseline -0.005 -24"><span class='ocrx_word' id='word_1_74' title='bbox 117 1717 272 1806; x_wconf 81' lang='lat' dir='ltr'>Excepit,</span> <span class='ocrx_word' id='word_1_75' title='bbox 290 1716 475 1803; x_wconf 85' lang='lat' dir='ltr'>blandoque</span> <span class='ocrx_word' id='word_1_76' title='bbox 493 1715 582 1802; x_wconf 90' lang='lat' dir='ltr'>prior</span> <span class='ocrx_word' id='word_1_77' title='bbox 597 1715 643 1778; x_wconf 89' lang='lat' dir='ltr'>sic</span> <span class='ocrx_word' id='word_1_78' title='bbox 661 1733 718 1777; x_wconf 88' lang='lat' dir='ltr'>ore</span> <span class='ocrx_word' id='word_1_79' title='bbox 733 1715 912 1800; x_wconf 87' lang='lat' dir='ltr'>loquutus:</span> 
     </span>
    </p>

    <p class='ocr_par' dir='ltr' id='par_1_5' title="bbox 116 1829 1022 2033">
     <span class='ocr_line' id='line_1_13' title="bbox 161 1829 1022 1917; baseline -0.002 -23"><span class='ocrx_word' id='word_1_80' title='bbox 161 1862 175 1887; x_wconf 72' lang='grc' dir='ltr'><strong><em>κ</em></strong></span> <span class='ocrx_word' id='word_1_81' title='bbox 192 1831 221 1894; x_wconf 96' lang='lat' dir='ltr'>O</span> <span class='ocrx_word' id='word_1_82' title='bbox 238 1829 336 1894; x_wconf 89' lang='lat' dir='ltr'>decus</span> <span class='ocrx_word' id='word_1_83' title='bbox 354 1830 394 1892; x_wconf 54' lang='lat' dir='ltr'>in*</span> <span class='ocrx_word' id='word_1_84' title='bbox 405 1844 533 1893; x_wconf 90' lang='lat' dir='ltr'>nostros</span> <span class='ocrx_word' id='word_1_85' title='bbox 550 1851 704 1917; x_wconf 84' lang='lat' dir='ltr'>magnum</span> <span class='ocrx_word' id='word_1_86' title='bbox 723 1843 859 1891; x_wconf 84' lang='lat' dir='ltr'>ventura</span> <span class='ocrx_word' id='word_1_87' title='bbox 876 1845 1022 1917; x_wconf 85' lang='lat' dir='ltr'>penates,</span> 
     </span>
     <span class='ocr_line' id='line_1_14' title="bbox 116 1939 944 2033; baseline -0.004 -24"><span class='ocrx_word' id='word_1_88' title='bbox 116 1945 258 2032; x_wconf 83' lang='lat' dir='ltr'>Solaque</span> <span class='ocrx_word' id='word_1_89' title='bbox 273 1960 444 2012; x_wconf 69' lang='lat' dir='ltr'>,tantarum</span> <span class='ocrx_word' id='word_1_90' title='bbox 459 1943 549 2033; x_wconf 85' lang='lat' dir='ltr'>virgo</span> <span class='ocrx_word' id='word_1_91' title='bbox 565 1942 653 2006; x_wconf 84' lang='lat' dir='ltr'>haud</span> <span class='ocrx_word' id='word_1_92' title='bbox 669 1939 803 2030; x_wconf 83' lang='lat' dir='ltr'>indigna</span> <span class='ocrx_word' id='word_1_93' title='bbox 819 1942 944 2006; x_wconf 87' lang='lat' dir='ltr'>viarum</span> 
     </span>
    </p>
   </div>
   <div class='ocr_carea' id='block_1_5' title="bbox 78 2145 1143 2302">
    <p class='ocr_par' dir='ltr' id='par_1_6' title="bbox 78 2145 1143 2302">
     <span class='ocr_line' id='line_1_15' title="bbox 108 2145 1143 2222; baseline -0.003 -16"><span class='ocrx_word' id='word_1_94' title='bbox 108 2160 149 2207; x_wconf 87' lang='grc' dir='ltr'>3ο.</span> <span class='ocrx_word' id='word_1_95' title='bbox 162 2155 225 2207; x_wconf 76' lang='lat' dir='ltr'>rati.</span> <span class='ocrx_word' id='word_1_96' title='bbox 243 2161 343 2222; x_wconf 82' lang='lat' dir='ltr'>Eugent.</span> <span class='ocrx_word' id='word_1_97' title='bbox 366 2185 396 2196; x_wconf 89' lang='lat'><em>-</em></span> <span class='ocrx_word' id='word_1_98' title='bbox 416 2159 455 2207; x_wconf 77' lang='grc'>35.</span> <span class='ocrx_word' id='word_1_99' title='bbox 476 2162 544 2206; x_wconf 80' lang='lat' dir='ltr'>Acta.</span> <span class='ocrx_word' id='word_1_100' title='bbox 563 2158 638 2205; x_wconf 77' lang='lat' dir='ltr'>Vstic.</span> <span class='ocrx_word' id='word_1_101' title='bbox 657 2157 748 2203; x_wconf 73' lang='lat' dir='ltr'>Boron</span> <span class='ocrx_word' id='word_1_102' title='bbox 765 2156 834 2203; x_wconf 73' lang='lat' dir='ltr'>codd</span> <span class='ocrx_word' id='word_1_103' title='bbox 847 2165 872 2204; x_wconf 80' lang='lat' dir='ltr'>et</span> <span class='ocrx_word' id='word_1_104' title='bbox 886 2145 940 2203; x_wconf 80' lang='lat' dir='ltr'>edd</span> <span class='ocrx_word' id='word_1_105' title='bbox 955 2165 1010 2203; x_wconf 71' lang='lat' dir='ltr'>ento</span> <span class='ocrx_word' id='word_1_106' title='bbox 1028 2157 1094 2203; x_wconf 74' lang='lat' dir='ltr'>Gerr.</span> <span class='ocrx_word' id='word_1_107' title='bbox 1112 2162 1143 2204; x_wconf 80' lang='lat' dir='ltr'>Se</span> 
     </span>
     <span class='ocr_line' id='line_1_16' title="bbox 78 2237 724 2302; baseline -0.003 -18"><span class='ocrx_word' id='word_1_108' title='bbox 78 2240 142 2285; x_wconf 73' lang='lat' dir='ltr'>mitit.</span> <span class='ocrx_word' id='word_1_109' title='bbox 152 2238 230 2302; x_wconf 70' lang='lat' dir='ltr'>Vnde.</span> <span class='ocrx_word' id='word_1_110' title='bbox 241 2241 330 2285; x_wconf 82' lang='lat' dir='ltr'>Bonon.</span> <span class='ocrx_word' id='word_1_111' title='bbox 342 2238 412 2286; x_wconf 83' lang='lat' dir='ltr'>codd.</span> <span class='ocrx_word' id='word_1_112' title='bbox 424 2245 448 2285; x_wconf 84' lang='lat' dir='ltr'>et</span> <span class='ocrx_word' id='word_1_113' title='bbox 458 2237 512 2285; x_wconf 85' lang='lat' dir='ltr'>edd.</span> <span class='ocrx_word' id='word_1_114' title='bbox 523 2245 578 2284; x_wconf 75' lang='lat' dir='ltr'>ants</span> <span class='ocrx_word' id='word_1_115' title='bbox 589 2239 667 2284; x_wconf 84' lang='lat' dir='ltr'>Burm.</span> <span class='ocrx_word' id='word_1_116' title='bbox 680 2237 724 2282; x_wconf 81' lang='lat' dir='ltr'>En.</span> 
     </span>
    </p>
   </div>
   <div class='ocr_carea' id='block_1_6' title="bbox 80 2442 1178 4257">
    <p class='ocr_par' dir='ltr' id='par_1_7' title="bbox 80 2442 1178 4257">
     <span class='ocr_line' id='line_1_17' title="bbox 113 2442 1142 2520; baseline -0.002 -19"><span class='ocrx_word' id='word_1_117' title='bbox 113 2467 157 2519; x_wconf 85' lang='lat'>²7·</span> <span class='ocrx_word' id='word_1_118' title='bbox 177 2447 258 2502; x_wconf 85' lang='lat' dir='ltr'>Poeta</span> <span class='ocrx_word' id='word_1_119' title='bbox 274 2449 398 2503; x_wconf 78' lang='lat' dir='ltr'>Iasonem</span> <span class='ocrx_word' id='word_1_120' title='bbox 416 2465 477 2503; x_wconf 88' lang='lat' dir='ltr'>curn</span> <span class='ocrx_word' id='word_1_121' title='bbox 495 2445 588 2520; x_wconf 92' lang='lat' dir='ltr'>Endy·</span> <span class='ocrx_word' id='word_1_122' title='bbox 632 2461 705 2516; x_wconf 70' lang='lat' dir='ltr'>eque</span> <span class='ocrx_word' id='word_1_123' title='bbox 717 2442 856 2516; x_wconf 73' lang='lat' dir='ltr'>pulchrum</span> <span class='ocrx_word' id='word_1_124' title='bbox 871 2461 902 2497; x_wconf 80' lang='lat' dir='ltr'>ec</span> <span class='ocrx_word' id='word_1_125' title='bbox 913 2443 1039 2512; x_wconf 67' lang='lat' dir='ltr'>marm,</span> <span class='ocrx_word' id='word_1_126' title='bbox 1053 2466 1142 2516; x_wconf 72' lang='lat' dir='ltr'>exspe-</span> 
     </span>
     <span class='ocr_line' id='line_1_18' title="bbox 80 2522 1070 2595; baseline 0.001 -16"><span class='ocrx_word' id='word_1_127' title='bbox 80 2529 182 2595; x_wconf 85' lang='lat' dir='ltr'>mione,</span> <span class='ocrx_word' id='word_1_128' title='bbox 194 2528 217 2581; x_wconf 87' lang='lat' dir='ltr'>is</span> <span class='ocrx_word' id='word_1_129' title='bbox 230 2527 301 2583; x_wconf 90' lang='lat' dir='ltr'>enim</span> <span class='ocrx_word' id='word_1_130' title='bbox 314 2541 353 2581; x_wconf 87' lang='lat' dir='ltr'>est</span> <span class='ocrx_word' id='word_1_131' title='bbox 365 2530 471 2580; x_wconf 76' lang='lat' dir='ltr'>Latnius</span> <span class='ocrx_word' id='word_1_132' title='bbox 485 2540 591 2578; x_wconf 77' lang='lat' dir='ltr'>venator</span> <span class='ocrx_word' id='word_1_133' title='bbox 632 2538 685 2575; x_wconf 79' lang='lat' dir='ltr'>ctat</span> <span class='ocrx_word' id='word_1_134' title='bbox 697 2537 822 2575; x_wconf 65' lang='lat' dir='ltr'>amntem</span> <span class='ocrx_word' id='word_1_135' title='bbox 833 2522 953 2575; x_wconf 78' lang='lat' dir='ltr'>Medeam</span> <span class='ocrx_word' id='word_1_136' title='bbox 966 2524 1070 2580; x_wconf 70' lang='lat' dir='ltr'>loson.=</span> 
     </span>
     <span class='ocr_line' id='line_1_19' title="bbox 80 2603 1143 2675; baseline -0.003 -14"><span class='ocrx_word' id='word_1_137' title='bbox 80 2609 203 2661; x_wconf 81' lang='lat' dir='ltr'>sLatmo</span> <span class='ocrx_word' id='word_1_138' title='bbox 216 2607 298 2662; x_wconf 72' lang='lat' dir='ltr'>Carine</span> <span class='ocrx_word' id='word_1_139' title='bbox 316 2618 406 2659; x_wconf 85' lang='lat' dir='ltr'>monte</span> <span class='ocrx_word' id='word_1_140' title='bbox 419 2606 589 2670; x_wconf 87' lang='lat' dir='ltr'>dictus‚Me·</span> <span class='ocrx_word' id='word_1_141' title='bbox 670 2604 711 2655; x_wconf 80' lang='lat'>32.</span> <span class='ocrx_word' id='word_1_142' title='bbox 738 2603 778 2654; x_wconf 81' lang='lat' dir='ltr'>En</span> <span class='ocrx_word' id='word_1_143' title='bbox 801 2621 872 2655; x_wconf 81' lang='lat' dir='ltr'>nova</span> <span class='ocrx_word' id='word_1_144' title='bbox 897 2605 1078 2675; x_wconf 73' lang='lat' dir='ltr'>comparatio!</span> <span class='ocrx_word' id='word_1_145' title='bbox 1105 2612 1143 2658; x_wconf 81' lang='lat' dir='ltr'>De</span> 
     </span>
     <span class='ocr_line' id='line_1_20' title="bbox 81 2684 1144 2750; baseline 0 -12"><span class='ocrx_word' id='word_1_146' title='bbox 81 2686 155 2740; x_wconf 83' lang='lat' dir='ltr'>desrn</span> <span class='ocrx_word' id='word_1_147' title='bbox 172 2706 233 2740; x_wconf 87' lang='lat' dir='ltr'>cnm</span> <span class='ocrx_word' id='word_1_148' title='bbox 249 2693 334 2747; x_wconf 72' lang='lat' dir='ltr'>bana,</span> <span class='ocrx_word' id='word_1_149' title='bbox 354 2686 455 2747; x_wconf 81' lang='lat' dir='ltr'>Diana,</span> <span class='ocrx_word' id='word_1_150' title='bbox 474 2684 591 2750; x_wconf 79' lang='lat' dir='ltr'>confert,</span> <span class='ocrx_word' id='word_1_151' title='bbox 634 2701 699 2732; x_wconf 83' lang='lat' dir='ltr'>more</span> <span class='ocrx_word' id='word_1_152' title='bbox 718 2684 834 2733; x_wconf 76' lang='lat' dir='ltr'>cohtmboe</span> <span class='ocrx_word' id='word_1_153' title='bbox 843 2684 953 2749; x_wconf 61' lang='lat' dir='ltr'>pavida,</span> <span class='ocrx_word' id='word_1_154' title='bbox 966 2684 1081 2737; x_wconf 86' lang='lat' dir='ltr'>solennis</span> <span class='ocrx_word' id='word_1_155' title='bbox 1092 2704 1144 2739; x_wconf 85' lang='lat' dir='ltr'>vox</span> 
     </span>
     <span class='ocr_line' id='line_1_21' title="bbox 81 2761 1144 2837; baseline 0.001 -20"><span class='ocrx_word' id='word_1_156' title='bbox 81 2783 151 2836; x_wconf 79' lang='lat' dir='ltr'>qun,</span> <span class='ocrx_word' id='word_1_157' title='bbox 159 2765 271 2837; x_wconf 86' lang='lat' dir='ltr'>pudoris</span> <span class='ocrx_word' id='word_1_158' title='bbox 279 2763 392 2835; x_wconf 77' lang='lat' dir='ltr'>virginei</span> <span class='ocrx_word' id='word_1_159' title='bbox 401 2764 447 2817; x_wconf 93' lang='lat' dir='ltr'>diu</span> <span class='ocrx_word' id='word_1_160' title='bbox 455 2762 590 2817; x_wconf 78' lang='lat' dir='ltr'>tenacissi-</span> <span class='ocrx_word' id='word_1_161' title='bbox 634 2761 667 2813; x_wconf 87' lang='lat' dir='ltr'>de</span> <span class='ocrx_word' id='word_1_162' title='bbox 680 2761 845 2814; x_wconf 80' lang='lat' dir='ltr'>animalculis</span> <span class='ocrx_word' id='word_1_163' title='bbox 857 2762 927 2829; x_wconf 87' lang='lat' dir='ltr'>istis,</span> <span class='ocrx_word' id='word_1_164' title='bbox 938 2780 998 2833; x_wconf 77' lang='lat' dir='ltr'>quae</span> <span class='ocrx_word' id='word_1_165' title='bbox 1011 2785 1089 2833; x_wconf 75' lang='lat' dir='ltr'>super,</span> <span class='ocrx_word' id='word_1_166' title='bbox 1101 2784 1144 2818; x_wconf 85' lang='lat' dir='ltr'>sn·</span> 
     </span>
     <span class='ocr_line' id='line_1_22' title="bbox 81 2840 1146 2916; baseline 0.003 -22"><span class='ocrx_word' id='word_1_167' title='bbox 81 2862 122 2897; x_wconf 83' lang='lat' dir='ltr'>rna</span> <span class='ocrx_word' id='word_1_168' title='bbox 132 2883 140 2908; x_wconf 88' lang='lat'>,</span> <span class='ocrx_word' id='word_1_169' title='bbox 152 2844 260 2898; x_wconf 78' lang='lat' dir='ltr'>tandem</span> <span class='ocrx_word' id='word_1_170' title='bbox 279 2842 433 2897; x_wconf 86' lang='lat' dir='ltr'>dormientis</span> <span class='ocrx_word' id='word_1_171' title='bbox 445 2842 590 2916; x_wconf 85' lang='lat' dir='ltr'>Endymio·</span> <span class='ocrx_word' id='word_1_172' title='bbox 634 2859 683 2912; x_wconf 81' lang='lat' dir='ltr'>pra</span> <span class='ocrx_word' id='word_1_173' title='bbox 692 2860 735 2907; x_wconf 85' lang='lat' dir='ltr'>se,</span> <span class='ocrx_word' id='word_1_174' title='bbox 743 2844 875 2910; x_wconf 77' lang='lat' dir='ltr'>proepetae&#39;s,</span> <span class='ocrx_word' id='word_1_175' title='bbox 887 2840 922 2893; x_wconf 89' lang='lat' dir='ltr'>de</span> <span class='ocrx_word' id='word_1_176' title='bbox 932 2842 1082 2915; x_wconf 85' lang='lat' dir='ltr'>quibusque</span> <span class='ocrx_word' id='word_1_177' title='bbox 1092 2844 1146 2897; x_wconf 80' lang='lat' dir='ltr'>avi·</span> 
     </span>
     <span class='ocr_line' id='line_1_23' title="bbox 81 2920 1143 2993; baseline 0.001 -19"><span class='ocrx_word' id='word_1_178' title='bbox 81 2924 120 2975; x_wconf 85' lang='lat' dir='ltr'>nis</span> <span class='ocrx_word' id='word_1_179' title='bbox 126 2936 267 2977; x_wconf 79' lang='lat' dir='ltr'>venustate</span> <span class='ocrx_word' id='word_1_180' title='bbox 274 2924 396 2993; x_wconf 78' lang='lat' dir='ltr'>abrepta,</span> <span class='ocrx_word' id='word_1_181' title='bbox 405 2942 439 2976; x_wconf 84' lang='lat' dir='ltr'>ne</span> <span class='ocrx_word' id='word_1_182' title='bbox 445 2923 513 2975; x_wconf 77' lang='lat' dir='ltr'>iutra</span> <span class='ocrx_word' id='word_1_183' title='bbox 519 2940 591 2975; x_wconf 80' lang='lat' dir='ltr'>oscu-</span> <span class='ocrx_word' id='word_1_184' title='bbox 633 2920 683 2973; x_wconf 87' lang='lat' dir='ltr'>bus</span> <span class='ocrx_word' id='word_1_185' title='bbox 701 2920 849 2973; x_wconf 73' lang='lat' dir='ltr'>carninnris</span> <span class='ocrx_word' id='word_1_186' title='bbox 864 2920 970 2987; x_wconf 86' lang='lat' dir='ltr'>dicitur,</span> <span class='ocrx_word' id='word_1_187' title='bbox 982 2924 1078 2991; x_wconf 78' lang='lat' dir='ltr'>ingenti</span> <span class='ocrx_word' id='word_1_188' title='bbox 1090 2944 1143 2975; x_wconf 82' lang='lat' dir='ltr'>um-</span> 
     </span>
     <span class='ocr_line' id='line_1_24' title="bbox 82 2999 1178 3074; baseline 0.002 -21"><span class='ocrx_word' id='word_1_189' title='bbox 82 3002 135 3054; x_wconf 89' lang='lat' dir='ltr'>Ium</span> <span class='ocrx_word' id='word_1_190' title='bbox 155 3002 263 3074; x_wconf 89' lang='lat' dir='ltr'>quidem</span> <span class='ocrx_word' id='word_1_191' title='bbox 284 3000 414 3068; x_wconf 89' lang='lat' dir='ltr'>constitit,</span> <span class='ocrx_word' id='word_1_192' title='bbox 428 3002 450 3055; x_wconf 90' lang='lat' dir='ltr'>si</span> <span class='ocrx_word' id='word_1_193' title='bbox 468 3000 533 3054; x_wconf 88' lang='lat' dir='ltr'>Iides</span> <span class='ocrx_word' id='word_1_194' title='bbox 546 3000 592 3055; x_wconf 80' lang='lat' dir='ltr'>hs·</span> <span class='ocrx_word' id='word_1_195' title='bbox 635 3002 687 3060; x_wconf 83' lang='lat' dir='ltr'>bra,</span> <span class='ocrx_word' id='word_1_196' title='bbox 697 2999 1075 3071; x_wconf 72' lang='lat' dir='ltr'>eugetpoetamegnitudinem</span> <span class='ocrx_word' id='word_1_197' title='bbox 1083 3003 1146 3068; x_wconf 77' lang='lat' dir='ltr'>aris,</span> <span class='ocrx_word' id='word_1_198' title='bbox 1175 3063 1178 3069; x_wconf 36' lang='lat'>&lt;</span> 
     </span>
     <span class='ocr_line' id='line_1_25' title="bbox 82 3079 1145 3152; baseline 0.001 -19"><span class='ocrx_word' id='word_1_199' title='bbox 82 3080 169 3135; x_wconf 81' lang='lat' dir='ltr'>benda</span> <span class='ocrx_word' id='word_1_200' title='bbox 180 3080 336 3152; x_wconf 81' lang='lat' dir='ltr'>Propertio,</span> <span class='ocrx_word' id='word_1_201' title='bbox 349 3079 385 3147; x_wconf 88' lang='grc' dir='ltr'>Π,</span> <span class='ocrx_word' id='word_1_202' title='bbox 398 3086 441 3143; x_wconf 67' lang='grc'>14,</span> <span class='ocrx_word' id='word_1_203' title='bbox 455 3084 503 3143; x_wconf 77' lang='lat' dir='ltr'>ro;</span> <span class='ocrx_word' id='word_1_204' title='bbox 519 3080 591 3134; x_wconf 80' lang='lat' dir='ltr'>conl.</span> <span class='ocrx_word' id='word_1_205' title='bbox 635 3080 800 3139; x_wconf 81' lang='lat' dir='ltr'>circumdata,</span> <span class='ocrx_word' id='word_1_206' title='bbox 816 3079 958 3141; x_wconf 77' lang='lat' dir='ltr'>conclusa,</span> <span class='ocrx_word' id='word_1_207' title='bbox 970 3079 1106 3147; x_wconf 80' lang='lat' dir='ltr'>involuta,</span> <span class='ocrx_word' id='word_1_208' title='bbox 1118 3086 1145 3133; x_wconf 86' lang='lat' dir='ltr'>in</span> 
     </span>
     <span class='ocr_line' id='line_1_26' title="bbox 83 3156 1146 3234; baseline 0 -21"><span class='ocrx_word' id='word_1_209' title='bbox 83 3172 107 3213; x_wconf 87' lang='lat' dir='ltr'>et</span> <span class='ocrx_word' id='word_1_210' title='bbox 116 3161 241 3234; x_wconf 77' lang='lat' dir='ltr'>Apollon</span> <span class='ocrx_word' id='word_1_211' title='bbox 254 3161 302 3227; x_wconf 85' lang='lat' dir='ltr'>IV,</span> <span class='ocrx_word' id='word_1_212' title='bbox 313 3159 354 3215; x_wconf 84' lang='lat'>55.</span> <span class='ocrx_word' id='word_1_213' title='bbox 636 3174 824 3223; x_wconf 80' lang='lat' dir='ltr'>quemcumque,</span> <span class='ocrx_word' id='word_1_214' title='bbox 835 3169 866 3210; x_wconf 90' lang='lat' dir='ltr'>ut</span> <span class='ocrx_word' id='word_1_215' title='bbox 883 3156 997 3229; x_wconf 86' lang='lat' dir='ltr'>primum</span> <span class='ocrx_word' id='word_1_216' title='bbox 1014 3160 1043 3212; x_wconf 90' lang='lat' dir='ltr'>in</span> <span class='ocrx_word' id='word_1_217' title='bbox 1056 3161 1146 3213; x_wconf 85' lang='lat' dir='ltr'>oculos</span> 
     </span>
     <span class='ocr_line' id='line_1_27' title="bbox 119 3232 1146 3311; baseline -0.001 -20"><span class='ocrx_word' id='word_1_218' title='bbox 119 3243 159 3295; x_wconf 80' lang='lat'>28.</span> <span class='ocrx_word' id='word_1_219' title='bbox 170 3243 280 3300; x_wconf 71' lang='lat' dir='ltr'>Resides,</span> <span class='ocrx_word' id='word_1_220' title='bbox 294 3238 420 3311; x_wconf 81' lang='lat' dir='ltr'>quiescit,</span> <span class='ocrx_word' id='word_1_221' title='bbox 435 3254 527 3291; x_wconf 81' lang='lat' dir='ltr'>somno</span> <span class='ocrx_word' id='word_1_222' title='bbox 536 3254 592 3289; x_wconf 85' lang='lat' dir='ltr'>cor·</span> <span class='ocrx_word' id='word_1_223' title='bbox 636 3232 724 3300; x_wconf 85' lang='lat' dir='ltr'>cadit,</span> <span class='ocrx_word' id='word_1_224' title='bbox 736 3248 854 3296; x_wconf 64' lang='lat' dir='ltr'>vemens,</span> <span class='ocrx_word' id='word_1_225' title='bbox 869 3236 946 3287; x_wconf 77' lang='lat' dir='ltr'>anxia</span> <span class='ocrx_word' id='word_1_226' title='bbox 956 3273 965 3300; x_wconf 85' lang='lat'>,</span> <span class='ocrx_word' id='word_1_227' title='bbox 975 3241 1094 3290; x_wconf 77' lang='lat' dir='ltr'>hominem</span> <span class='ocrx_word' id='word_1_228' title='bbox 1105 3260 1146 3290; x_wconf 82' lang='lat' dir='ltr'>ca-</span> 
     </span>
     <span class='ocr_line' id='line_1_28' title="bbox 84 3311 1146 3389; baseline 0.009 -28"><span class='ocrx_word' id='word_1_229' title='bbox 84 3331 182 3389; x_wconf 64' lang='lat' dir='ltr'>reptus,</span> <span class='ocrx_word' id='word_1_230' title='bbox 637 3314 684 3373; x_wconf 77' lang='lat' dir='ltr'>dit,</span> <span class='ocrx_word' id='word_1_231' title='bbox 696 3311 769 3383; x_wconf 90' lang='lat' dir='ltr'>quod</span> <span class='ocrx_word' id='word_1_232' title='bbox 780 3312 887 3383; x_wconf 77' lang='lat' dir='ltr'>gravius</span> <span class='ocrx_word' id='word_1_233' title='bbox 900 3325 926 3366; x_wconf 90' lang='lat' dir='ltr'>et</span> <span class='ocrx_word' id='word_1_234' title='bbox 939 3314 1146 3387; x_wconf 75' lang='lat' dir='ltr'>significantius,</span> 
     </span>
     <span class='ocr_line' id='line_1_29' title="bbox 121 3392 816 3465; baseline -0.01 -15"><span class='ocrx_word' id='word_1_235' title='bbox 121 3400 399 3465; x_wconf 62' lang='lat' dir='ltr'>inremuneratus</span> <span class='ocrx_word' id='word_1_236' title='bbox 418 3402 489 3447; x_wconf 75' lang='lat' dir='ltr'>tana</span> <span class='ocrx_word' id='word_1_237' title='bbox 509 3397 592 3454; x_wconf 79' lang='lat' dir='ltr'>uenit,</span> <span class='ocrx_word' id='word_1_238' title='bbox 638 3409 719 3462; x_wconf 79' lang='lat' dir='ltr'>quam</span> <span class='ocrx_word' id='word_1_239' title='bbox 732 3392 816 3445; x_wconf 80' lang='lat' dir='ltr'>volat.</span> 
     </span>
     <span class='ocr_line' id='line_1_30' title="bbox 86 3470 1148 3549; baseline 0 -20"><span class='ocrx_word' id='word_1_240' title='bbox 86 3477 225 3549; x_wconf 86' lang='lat' dir='ltr'>splendore</span> <span class='ocrx_word' id='word_1_241' title='bbox 245 3495 310 3540; x_wconf 87' lang='lat' dir='ltr'>suo,</span> <span class='ocrx_word' id='word_1_242' title='bbox 329 3496 364 3528; x_wconf 83' lang='lat' dir='ltr'>ne</span> <span class='ocrx_word' id='word_1_243' title='bbox 384 3471 593 3546; x_wconf 85' lang='lat' dir='ltr'>deprehendere·</span> <span class='ocrx_word' id='word_1_244' title='bbox 674 3472 717 3536; x_wconf 71' lang='lat'>34.</span> <span class='ocrx_word' id='word_1_245' title='bbox 731 3470 809 3524; x_wconf 81' lang='lat' dir='ltr'>Haud</span> <span class='ocrx_word' id='word_1_246' title='bbox 823 3490 899 3525; x_wconf 85' lang='lat' dir='ltr'>secus</span> <span class='ocrx_word' id='word_1_247' title='bbox 910 3470 1005 3527; x_wconf 79' lang='lat' dir='ltr'>Medea</span> <span class='ocrx_word' id='word_1_248' title='bbox 1017 3478 1078 3537; x_wconf 81' lang='lat' dir='ltr'>icta,</span> <span class='ocrx_word' id='word_1_249' title='bbox 1088 3496 1148 3548; x_wconf 90' lang='lat' dir='ltr'>per-</span> 
     </span>
     <span class='ocr_line' id='line_1_31' title="bbox 87 3553 1148 3626; baseline 0 -17"><span class='ocrx_word' id='word_1_250' title='bbox 87 3568 137 3622; x_wconf 86' lang='lat' dir='ltr'>tur,</span> <span class='ocrx_word' id='word_1_251' title='bbox 154 3555 305 3609; x_wconf 85' lang='lat' dir='ltr'>imminuto.</span> <span class='ocrx_word' id='word_1_252' title='bbox 328 3554 450 3626; x_wconf 82' lang='lat' dir='ltr'>Apollon.</span> <span class='ocrx_word' id='word_1_253' title='bbox 474 3553 525 3619; x_wconf 85' lang='lat' dir='ltr'>IV,</span> <span class='ocrx_word' id='word_1_254' title='bbox 542 3554 593 3605; x_wconf 86' lang='lat'>60:</span> <span class='ocrx_word' id='word_1_255' title='bbox 638 3555 824 3616; x_wconf 80' lang='lat' dir='ltr'>cussa‚t1&#39;more</span> <span class='ocrx_word' id='word_1_256' title='bbox 834 3556 909 3621; x_wconf 74' lang='lat' dir='ltr'>gravi</span> <span class='ocrx_word' id='word_1_257' title='bbox 921 3555 1027 3605; x_wconf 80' lang='lat' dir='ltr'>mediam</span> <span class='ocrx_word' id='word_1_258' title='bbox 1041 3561 1148 3609; x_wconf 68' lang='lat' dir='ltr'>sessim·</span> 
     </span>
     <span class='ocr_line' id='line_1_32' title="bbox 87 3624 1149 3707; baseline -0.004 -17"><span class='ocrx_word' id='word_1_259' title='bbox 87 3639 171 3695; x_wconf 68' lang='grc' dir='ltr'><strong>σκοτίη</strong></span> <span class='ocrx_word' id='word_1_260' title='bbox 187 3638 220 3691; x_wconf 61' lang='lat' dir='ltr'>tet</span> <span class='ocrx_word' id='word_1_261' title='bbox 231 3637 308 3690; x_wconf 77' lang='grc' dir='ltr'><strong>νυκτί.</strong></span> <span class='ocrx_word' id='word_1_262' title='bbox 322 3634 362 3687; x_wconf 84' lang='lat' dir='ltr'>De</span> <span class='ocrx_word' id='word_1_263' title='bbox 371 3632 477 3686; x_wconf 84' lang='lat' dir='ltr'>delectu</span> <span class='ocrx_word' id='word_1_264' title='bbox 484 3669 492 3696; x_wconf 89' lang='lat'><strong><em>,</em></strong></span> <span class='ocrx_word' id='word_1_265' title='bbox 505 3624 596 3702; x_wconf 80' lang='lat' dir='ltr'>eclipsi</span> <span class='ocrx_word' id='word_1_266' title='bbox 638 3632 714 3693; x_wconf 78' lang='lat' dir='ltr'>misit,</span> <span class='ocrx_word' id='word_1_267' title='bbox 736 3641 794 3683; x_wconf 89' lang='lat' dir='ltr'>toto</span> <span class='ocrx_word' id='word_1_268' title='bbox 817 3650 928 3704; x_wconf 84' lang='lat' dir='ltr'>corpore</span> <span class='ocrx_word' id='word_1_269' title='bbox 951 3633 979 3685; x_wconf 91' lang='lat' dir='ltr'>in</span> <span class='ocrx_word' id='word_1_270' title='bbox 1010 3636 1149 3707; x_wconf 81' lang='lat' dir='ltr'>amplexus</span> 
     </span>
     <span class='ocr_line' id='line_1_33' title="bbox 87 3708 767 3785; baseline -0.004 -21"><span class='ocrx_word' id='word_1_271' title='bbox 87 3713 167 3765; x_wconf 78' lang='lat' dir='ltr'>Lunae</span> <span class='ocrx_word' id='word_1_272' title='bbox 179 3713 264 3785; x_wconf 88' lang='lat' dir='ltr'>possis</span> <span class='ocrx_word' id='word_1_273' title='bbox 273 3712 432 3783; x_wconf 83' lang='lat' dir='ltr'>intelligere,</span> <span class='ocrx_word' id='word_1_274' title='bbox 443 3711 465 3764; x_wconf 88' lang='lat' dir='ltr'>si</span> <span class='ocrx_word' id='word_1_275' title='bbox 479 3708 595 3781; x_wconf 80' lang='lat' dir='ltr'>sequaris</span> <span class='ocrx_word' id='word_1_276' title='bbox 639 3714 695 3783; x_wconf 86' lang='lat' dir='ltr'>ejus</span> <span class='ocrx_word' id='word_1_277' title='bbox 703 3710 767 3762; x_wconf 88' lang='lat' dir='ltr'>ruit.</span> 
     </span>
     <span class='ocr_line' id='line_1_34' title="bbox 88 3787 1150 3864; baseline 0.002 -20"><span class='ocrx_word' id='word_1_278' title='bbox 88 3792 234 3857; x_wconf 80' lang='lat' dir='ltr'>catullum,</span> <span class='ocrx_word' id='word_1_279' title='bbox 250 3792 346 3858; x_wconf 85' lang='lat' dir='ltr'><strong>LXVI,</strong></span> <span class='ocrx_word' id='word_1_280' title='bbox 365 3791 392 3854; x_wconf 84' lang='lat'>5,</span> <span class='ocrx_word' id='word_1_281' title='bbox 411 3790 457 3843; x_wconf 85' lang='lat' dir='ltr'>uhi</span> <span class='ocrx_word' id='word_1_282' title='bbox 475 3787 529 3842; x_wconf 82' lang='lat' dir='ltr'>vid.</span> <span class='ocrx_word' id='word_1_283' title='bbox 544 3788 593 3842; x_wconf 86' lang='lat' dir='ltr'>cel.</span> <span class='ocrx_word' id='word_1_284' title='bbox 676 3791 719 3859; x_wconf 83' lang='lat'>37.</span> <span class='ocrx_word' id='word_1_285' title='bbox 741 3790 821 3840; x_wconf 77' lang='lat' dir='ltr'>lason</span> <span class='ocrx_word' id='word_1_286' title='bbox 842 3789 879 3841; x_wconf 77' lang='lat' dir='ltr'>ita</span> <span class='ocrx_word' id='word_1_287' title='bbox 903 3791 1018 3864; x_wconf 82' lang='lat' dir='ltr'>excipit:</span> <span class='ocrx_word' id='word_1_288' title='bbox 1038 3799 1060 3845; x_wconf 92' lang='grc'><strong><em>0</em></strong></span> <span class='ocrx_word' id='word_1_289' title='bbox 1077 3798 1150 3846; x_wconf 81' lang='lat' dir='ltr'>decus</span> 
     </span>
     <span class='ocr_line' id='line_1_35' title="bbox 88 3866 1152 3943; baseline 0 -20"><span class='ocrx_word' id='word_1_290' title='bbox 88 3870 209 3943; x_wconf 77' lang='lat' dir='ltr'>DoerIng.</span> <span class='ocrx_word' id='word_1_291' title='bbox 221 3869 427 3924; x_wconf 81' lang='lat' dir='ltr'>etWalkenaer.</span> <span class='ocrx_word' id='word_1_292' title='bbox 440 3869 527 3940; x_wconf 81' lang='lat' dir='ltr'>Epigr.</span> <span class='ocrx_word' id='word_1_293' title='bbox 539 3866 597 3921; x_wconf 81' lang='lat' dir='ltr'>cal·</span> <span class='ocrx_word' id='word_1_294' title='bbox 640 3887 757 3937; x_wconf 77' lang='lat' dir='ltr'>magnum</span> <span class='ocrx_word' id='word_1_295' title='bbox 770 3869 795 3919; x_wconf 84' lang='lat' dir='ltr'>in</span> <span class='ocrx_word' id='word_1_296' title='bbox 810 3882 905 3918; x_wconf 79' lang='lat' dir='ltr'>nostros</span> <span class='ocrx_word' id='word_1_297' title='bbox 916 3886 1020 3937; x_wconf 81' lang='lat' dir='ltr'>penates</span> <span class='ocrx_word' id='word_1_298' title='bbox 1032 3888 1152 3934; x_wconf 80' lang='lat' dir='ltr'>ventura,</span> 
     </span>
     <span class='ocr_line' id='line_1_36' title="bbox 88 3948 1151 4021; baseline 0.005 -21"><span class='ocrx_word' id='word_1_299' title='bbox 88 3949 193 4003; x_wconf 83' lang='lat' dir='ltr'>limachi</span> <span class='ocrx_word' id='word_1_300' title='bbox 204 3952 366 4021; x_wconf 76' lang='lat' dir='ltr'>fragments,</span> <span class='ocrx_word' id='word_1_301' title='bbox 378 3968 404 4021; x_wconf 94' lang='lat' dir='ltr'>p.</span> <span class='ocrx_word' id='word_1_302' title='bbox 417 3950 459 4001; x_wconf 89' lang='lat'>66.</span> <span class='ocrx_word' id='word_1_303' title='bbox 640 3948 743 4019; x_wconf 77' lang='lat' dir='ltr'>insigne</span> <span class='ocrx_word' id='word_1_304' title='bbox 761 3957 945 3999; x_wconf 82' lang='lat' dir='ltr'>ornamentum</span> <span class='ocrx_word' id='word_1_305' title='bbox 966 3950 1036 4021; x_wconf 78' lang='lat' dir='ltr'>genti</span> <span class='ocrx_word' id='word_1_306' title='bbox 1055 3962 1151 4006; x_wconf 70' lang='lat' dir='ltr'>nostre</span> 
     </span>
     <span class='ocr_line' id='line_1_37' title="bbox 126 4025 786 4097; baseline -0.008 -16"><span class='ocrx_word' id='word_1_307' title='bbox 126 4029 167 4081; x_wconf 84' lang='lat'>30.</span> <span class='ocrx_word' id='word_1_308' title='bbox 177 4034 254 4080; x_wconf 77' lang='lat' dir='ltr'>Roseo</span> <span class='ocrx_word' id='word_1_309' title='bbox 263 4032 368 4081; x_wconf 77' lang='lat' dir='ltr'>honore:</span> <span class='ocrx_word' id='word_1_310' title='bbox 379 4026 467 4091; x_wconf 80' lang='lat' dir='ltr'>suavi,</span> <span class='ocrx_word' id='word_1_311' title='bbox 475 4025 597 4097; x_wconf 80' lang='lat' dir='ltr'>gratiosa,</span> <span class='ocrx_word' id='word_1_312' title='bbox 641 4043 786 4079; x_wconf 74' lang='lat' dir='ltr'>accessura.</span> 
     </span>
     <span class='ocr_line' id='line_1_38' title="bbox 91 4104 1150 4179; baseline 0.002 -23"><span class='ocrx_word' id='word_1_313' title='bbox 91 4104 198 4160; x_wconf 88' lang='lat' dir='ltr'>florente</span> <span class='ocrx_word' id='word_1_314' title='bbox 210 4105 409 4179; x_wconf 86' lang='lat' dir='ltr'>pulchritudine</span> <span class='ocrx_word' id='word_1_315' title='bbox 422 4105 514 4173; x_wconf 89' lang='lat' dir='ltr'>(conl.</span> <span class='ocrx_word' id='word_1_316' title='bbox 530 4105 597 4155; x_wconf 78' lang='lat' dir='ltr'>infre</span> <span class='ocrx_word' id='word_1_317' title='bbox 678 4106 722 4159; x_wconf 81' lang='lat'>38.</span> <span class='ocrx_word' id='word_1_318' title='bbox 735 4108 793 4156; x_wconf 85' lang='lat' dir='ltr'>Sola</span> <span class='ocrx_word' id='word_1_319' title='bbox 805 4108 876 4157; x_wconf 78' lang='lat' dir='ltr'>hand</span> <span class='ocrx_word' id='word_1_320' title='bbox 888 4108 993 4173; x_wconf 75' lang='lat' dir='ltr'>indigna</span> <span class='ocrx_word' id='word_1_321' title='bbox 1007 4128 1083 4159; x_wconf 82' lang='lat' dir='ltr'>causa</span> <span class='ocrx_word' id='word_1_322' title='bbox 1094 4122 1150 4158; x_wconf 80' lang='lat' dir='ltr'>tan·</span> 
     </span>
     <span class='ocr_line' id='line_1_39' title="bbox 91 4186 1154 4257; baseline 0 -20"><span class='ocrx_word' id='word_1_323' title='bbox 91 4204 114 4237; x_wconf 82' lang='lat' dir='ltr'>v.</span> <span class='ocrx_word' id='word_1_324' title='bbox 133 4186 181 4257; x_wconf 76' lang='lat'>237</span> <span class='ocrx_word' id='word_1_325' title='bbox 191 4191 218 4255; x_wconf 85' lang='lat'>)‚</span> <span class='ocrx_word' id='word_1_326' title='bbox 237 4190 320 4254; x_wconf 77' lang='lat' dir='ltr'>implet</span> <span class='ocrx_word' id='word_1_327' title='bbox 341 4204 437 4246; x_wconf 78' lang='lat' dir='ltr'>nemus,</span> <span class='ocrx_word' id='word_1_328' title='bbox 460 4189 596 4252; x_wconf 78' lang='lat' dir='ltr'>talemque,</span> <span class='ocrx_word' id='word_1_329' title='bbox 642 4198 722 4236; x_wconf 85' lang='lat' dir='ltr'>tarum</span> <span class='ocrx_word' id='word_1_330' title='bbox 734 4188 833 4236; x_wconf 79' lang='lat' dir='ltr'>viarum</span> <span class='ocrx_word' id='word_1_331' title='bbox 847 4199 940 4253; x_wconf 77' lang='lat' dir='ltr'>reporta</span> <span class='ocrx_word' id='word_1_332' title='bbox 952 4188 1017 4238; x_wconf 80' lang='lat' dir='ltr'>milri.</span> <span class='ocrx_word' id='word_1_333' title='bbox 1028 4186 1070 4239; x_wconf 83' lang='lat' dir='ltr'>Sic</span> <span class='ocrx_word' id='word_1_334' title='bbox 1084 4186 1154 4239; x_wconf 87' lang='lat' dir='ltr'>ordi·</span> 
     </span>
    </p>
   </div>
   <div class='ocr_carea' id='block_1_7' title="bbox 0 0 1458 4975">
    <p class='ocr_par' dir='ltr' id='par_1_8' title="bbox 0 0 1458 4975">
     <span class='ocr_line' id='line_1_40' title="bbox 0 0 1458 4975; baseline 0 0"><span class='ocrx_word' id='word_1_335' title='bbox 0 0 1458 4975; x_wconf 95' lang='lat' dir='ltr'> </span> 
     </span>
    </p>
   </div>
  </div>
 </body>
</html>
