2859 4975
323 402 452 470 NOVI
480 397 729 463 EDITORIS
759 397 912 466 NOTAE.
1108 384 1211 492 79⁶.

81 520 233 592 significat,
247 536 346 589 equum
363 518 499 569 effraenato
515 516 614 586 impetu
630 514 719 567 efferri
730 554 737 580 ,
748 516 916 585 quantumvis
925 517 1053 571 renitatur
1062 537 1152 591 eques

82 604 126 657 sic
135 603 300 677 VirgihAEn.
310 603 347 667 V,
361 606 427 664 144:
766 620 769 625 ·

242 724 298 769 Non
309 731 356 767 tam
365 722 491 783 precipites
501 719 583 781 bijugo
595 719 721 765 certamine
731 734 839 779 campum

243 797 394 857 Corripuere,
403 804 524 857 ruuntque
535 794 606 841 effusi
618 808 711 841 carcere
720 810 812 841 currus.

84 921 120 973 Et
129 920 226 992 Georg.
241 921 297 983 111,
312 922 376 975 236:
389 947 402 967 α
407 938 570 991 praecepsque
586 918 726 990 obliquum
741 920 826 971 fertur
838 920 866 971 in
879 920 981 972 hostem
993 945 1017 972 ι.
1030 924 1154 972 Adversus

84 1018 172 1054 connis
187 1014 228 1057 est
243 1003 316 1057 hasta
333 1004 361 1055 in
379 1021 460 1074 quam
480 1002 588 1055 Onchea
607 1020 670 1055 suus
687 1000 809 1073 impingit
826 1022 919 1075 equus.
936 1006 1035 1070 Impulit
1051 1008 1155 1055 adverso

85 1102 159 1137 conto
186 1098 226 1139 est
247 1106 295 1157 pro
317 1090 411 1157 impulit
428 1090 453 1139 in
474 1091 601 1137 adversum
622 1100 728 1138 concern.
746 1086 915 1138 Burmannus
932 1097 1007 1155 putat
1026 1086 1154 1150 Onchea,

85 1188 171 1239 quum
186 1170 290 1224 hastam
309 1171 337 1223 in
352 1171 457 1223 hostem
476 1180 629 1241 protensam
644 1180 763 1230 teneret,
782 1187 852 1240 equo
871 1168 993 1233 labente,
1007 1170 1035 1220 in
1059 1182 1155 1223 terram

86 1250 201 1304 effundi.
216 1254 286 1305 Tum
299 1272 361 1305 vero
376 1253 440 1325 quid
453 1252 601 1323 significant
615 1251 764 1322 sequentia,
777 1267 845 1303 rorat
852 1257 942 1319 procul
952 1256 1038 1305 ultima
1052 1257 1156 1322 cuspis?

86 1334 213 1387 preterea
230 1336 333 1407 longior
344 1348 383 1388 est
396 1336 539 1406 hastaque
552 1347 662 1387 vocatur
675 1349 777 1394 contus,
788 1354 869 1406 quam
883 1348 912 1387 ut
921 1335 1046 1388 Oncheus
1058 1337 1156 1390 cadens

85 1418 198 1488 propria
212 1419 320 1489 cuspide
333 1438 360 1472 se
373 1417 476 1471 induat.
486 1448 521 1457 —
535 1423 566 1468 In
583 1422 648 1469 latus
667 1422 765 1469 accedit
779 1421 884 1485 sonipes.
894 1418 956 1471 Haeo
968 1420 1047 1471 verba
1060 1419 1156 1474 docent

86 1518 187 1572 equum
202 1503 236 1554 ab
248 1501 329 1555 latere
345 1504 374 1555 in
387 1504 485 1555 ferrum
499 1502 651 1562 incurrere,
661 1500 734 1573 quod
748 1512 775 1553 et
785 1502 872 1572 ipsum
881 1512 908 1553 et
917 1501 1035 1573 equitem
1044 1504 1156 1557 mansio·

87 1583 135 1637 dit.
161 1586 264 1639 Auctor
284 1604 381 1658 supra,
400 1606 426 1637 v.
451 1594 519 1651 244,
541 1604 602 1637 usus
623 1596 661 1637 est
683 1586 764 1637 verbo
788 1589 932 1646 descendit,
956 1604 1011 1656 qno
1031 1587 1156 1658 ponderis

87 1667 246 1735 gravitatem
268 1670 442 1740 exprimeret:
459 1671 554 1720 accedit
570 1680 661 1721 contra
682 1667 780 1721 indicat
799 1686 913 1739 equum,
933 1668 997 1721 dum
1020 1671 1157 1741 procedit,

86 1747 177 1820 ipsum
193 1770 221 1804 se
241 1770 272 1803 ac
290 1750 397 1823 proprio
416 1752 516 1822 impetu
535 1752 631 1803 lancee
653 1744 763 1824 cuspide
781 1751 906 1814 induere,
923 1771 1005 1824 quarn
1017 1753 1100 1807 hostis
1119 1756 1158 1808 nil

86 1832 161 1887 aliud
183 1853 262 1906 quam
283 1845 434 1907 protensam
453 1845 540 1899 tenet,
562 1833 786 1905 quemadmodum
810 1854 921 1907 auceps,
943 1833 976 1887 de
996 1855 1049 1906 quo
1068 1837 1156 1890 statim

87 1917 174 1981 infra,
194 1918 232 1969 nii
253 1918 325 1971 aliud
344 1937 424 1989 quam
447 1916 557 1990 porrigit
578 1916 741 1971 arundinum
760 1917 898 1982 ordinem,
918 1937 1032 1989 quanm
1053 1940 1157 1975 summa

88 2002 163 2054 visco
177 2001 242 2054 illita
259 2014 306 2055 est,
321 2003 380 2066 Ita,
398 2021 460 2055 cum
472 2002 555 2073 priori
567 2002 688 2055 membro
700 2001 814 2054 cohaeret
826 2002 872 2053 illa
882 2002 1062 2073 comparatio,
1076 2024 1156 2077 quam

88 2084 150 2137 ideo
163 2084 334 2157 reprehendit
342 2086 514 2157 Wagnerus,
527 2085 599 2157 quod
610 2085 683 2157 prius
694 2086 846 2138 membrum
859 2104 935 2138 secus
948 2066 979 2139 sic
993 2107 1042 2140 nos
1054 2088 1156 2142 intelle·
1235 2147 1240 2162 t

89 2184 174 2223 xerat.
186 2170 273 2223 Hostis
290 2184 398 2223 contum
418 2182 569 2243 porrectum
591 2184 682 2225 tenens
700 2180 868 2242 comparatur
884 2172 980 2242 aucupi
998 2172 1159 2227 substructas

87 2254 233 2307 arundines
248 2255 407 2325 porrigenti;
429 2255 555 2308 Oncheue
575 2274 637 2309 cum
658 2274 727 2326 equo
745 2255 773 2306 in
787 2255 870 2308 hastae
887 2256 986 2307 ferrum
1005 2276 1033 2310 se
1051 2258 1157 2310 immer-

89 2356 172 2410 gens,
190 2338 279 2390 similis
296 2349 335 2391 est
355 2339 397 2391 avi
415 2358 474 2410 quae
494 2339 634 2409 corripitur
649 2338 732 2391 visco.
755 2338 880 2391 Prmterea
895 2344 966 2407 (non
985 2341 1056 2393 enim
1078 2341 1158 2395 timeo

88 2439 125 2473 ne
139 2420 232 2473 similia
243 2422 373 2474 curiosius
386 2423 513 2494 aucupari
526 2421 616 2474 videar
628 2422 657 2474 in
671 2422 723 2474 hac
738 2424 948 2494 comparatione,
963 2441 1022 2496 quie
1034 2425 1157 2478 similitu·

89 2504 153 2558 dine
167 2525 256 2560 cerere
278 2507 345 2560 falso
362 2507 460 2560 credite
480 2508 533 2576 sit)
545 2507 609 2560 hinc
625 2507 721 2560 lancee
739 2507 856 2572 ferrum,
875 2507 1071 2563 illinc-arundo
1087 2511 1158 2562 visco

90 2588 176 2656 illita,
195 2589 257 2642 hinc
286 2589 379 2642 hastile
403 2590 473 2643 ferro
497 2602 636 2662 aptatum,
659 2590 734 2643 illinc
756 2590 900 2647 arundines
919 2593 1084 2655 substructa,
1107 2595 1156 2647 sibi

86 2669 205 2732 ,invicem
228 2672 399 2743 respondent.
415 2679 534 2725 ——ltorat
549 2679 638 2741 procul
658 2677 743 2726 ultima
766 2678 853 2742 wopis.
873 2675 935 2728 Post
958 2693 1026 2727 rorat
1045 2677 1158 2730 subaudi

90 2759 227 2821 sanguine,
238 2755 284 2826 qui
297 2756 452 2829 exprimitur
465 2756 517 2808 hoc
526 2756 626 2808 Valerii
638 2757 697 2808 loco
707 2795 714 2821 ,
726 2759 764 2821 V,
777 2759 809 2828 75
822 2775 829 2808 τ

250 2916 571 2930 .....................
587 2883 622 2930 his
631 2885 735 2932 Bacchus
745 2886 769 2930 in
781 2885 851 2930 undis

246 2957 327 3002 Ahluit
336 2959 385 3004 Eoo
395 2967 496 3004 rorantes
506 2960 622 3019 sangnine
631 2959 731 3018 thyrsos.

91 3097 123 3145 Τὸ
136 3108 219 3140 nexus
233 3089 324 3137 urnbroe
342 3084 530 3156 significantius
550 3097 589 3138 est
602 3103 681 3157 quom
701 3090 796 3138 umbra.
810 3089 945 3146 rudentem,
966 3089 1079 3140 merito:
1092 3089 1157 3159 quid

92 3173 160 3226 enim
173 3171 285 3244 periculi
297 3170 411 3223 volucris
424 3181 478 3222 tam
493 3168 575 3222 denso
587 3187 725 3220 ramorum
736 3171 812 3240 quasi
825 3170 907 3221 textili
918 3171 1076 3223 circumfusa
1090 3172 1158 3242 cogi·

92 3257 176 3309 taret?
189 3287 225 3298 -
235 3258 275 3306 Ab
294 3273 351 3305 aere
370 3258 439 3305 rami.
458 3254 501 3306 Sic
511 3253 607 3323 virgil.
627 3253 722 3323 Georg.
738 3253 785 3314 II,
800 3255 865 3306 123:

252 3419 412 3432 ...........
430 3384 471 3430 uhi
483 3401 535 3429 aera
547 3384 639 3430 vincere
649 3399 765 3429 summum

250 3462 345 3507 Arboris
355 3461 419 3506 haud
432 3461 485 3505 ullae
494 3461 559 3520 jectu
567 3469 667 3519 potuere
678 3458 775 3520 sagitte.

126 3609 161 3659 V.
175 3606 235 3659 265.
251 3611 327 3656 Parte
334 3609 385 3658 alia
400 3606 493 3672 infestis
503 3606 643 3677 (namsors
656 3606 691 3653 ita
697 3606 807 3670 junxit)
818 3605 844 3651 in
859 3604 934 3652 annis

251 3690 325 3738 Stirns
339 3691 426 3748 adest,
445 3692 564 3754 laetusque
578 3688 657 3737 virum
675 3687 803 3754 cognoscit
816 3687 944 3745 Anausin,

251 3776 284 3821 Et
297 3774 373 3839 prior.
850 3825 856 3838 ,
1157 3786 1171 3813 s

97 3901 220 3960 Anausis,
235 3900 382 3952 Alanorum
404 3911 430 3951 et
451 3895 649 3952 Heniochorum
670 3914 729 3956 rex,
758 3894 858 3948 Medeae
877 3894 1039 3946 connubium
1063 3893 1159 3948 frustra
1179 3919 1189 3938 x

96 3985 240 4054 petiverat;
254 4002 313 4056 qum
326 3981 434 4055 quidem
448 3981 531 4044 Stiro,
546 3981 708 4033 Albanorum
725 3979 800 4050 regi,
812 3978 941 4051 desponsa
959 3977 1056 4031 luerat.
1076 3978 1160 4030 Miror

96 4069 158 4120 nulli
181 4067 312 4121 editorum
328 4067 357 4119 in
376 4078 492 4119 mentem
502 4064 604 4118 venisse
618 4064 704 4135 legere
715 4067 834 4115 Anausis.
851 4061 944 4114 Oratio
960 4062 1031 4137 enirn
1049 4080 1161 4132 sequens

95 4151 189 4203 Anausi
197 4191 206 4218 ,
221 4169 278 4202 non
291 4149 375 4214 Stiro,
389 4149 519 4208 convenit.
537 4147 665 4200 Praeterea
680 4146 797 4211 Stirum,
812 4158 888 4217 pacta
904 4144 1013 4210 Medea,
1023 4146 1076 4197 voti
1091 4164 1162 4197 corn-
