2859 4975
440 435 827 502 ancoraurrcs.
1113 439 1175 526 307

142 575 239 638 Tunc
255 571 359 640 multa
374 571 460 635 inter
475 594 536 636 nos
552 593 620 658 quo
636 585 734 658 pacto
752 586 810 635 aut
825 586 894 636 arte
909 572 1040 659 loquuti
1140 591 1180 631 ses

140 688 249 752 Aurea
266 685 308 750 de
326 707 416 750 saera
436 685 596 766 ferremus
612 683 731 748 vellera
747 684 837 773 fago,
886 717 889 724 ·

38 814 39 823 ’
142 801 253 882 Quam
266 799 359 863 facile
375 797 402 862 is
418 797 522 862 menti
535 813 655 862 nostrae
671 797 784 879 lab0r3
800 814 834 862 at
848 819 958 886 neque
970 801 1146 889 quisquam

143 918 288 981 Tantum
302 936 402 978 ausus
416 935 566 1002 speram
589 912 667 977 novi
685 935 762 978 nam
778 914 876 1002 plena
893 914 1020 980 timoris

143 1033 272 1112 Cuncta
284 1028 492 1111 videbantur,
508 1027 674 1115 seriesque
690 1028 849 1094 immensa
865 1030 1039 1098 matorum,

142 1147 228 1211 Nam
244 1121 390 1234 primum
408 1157 485 1208 ante
501 1141 617 1208 domos
633 1141 746 1208 Phasis
762 1143 952 1231 prelabitur
966 1145 1102 1236 ingens,
1144 1165 1182 1206 sss

142 1259 273 1326 Deinde
289 1281 409 1324 novem
426 1257 548 1325 densus
563 1258 669 1345 paries
685 1273 815 1324 erectus
833 1259 868 1324 in
885 1260 995 1342 ulnas,

143 1376 309 1442 Turribus
326 1392 359 1440 et
371 1374 483 1440 solidis
500 1373 649 1440 munitus
664 1374 812 1442 vectibus
830 1374 943 1440 ambit.

144 1491 279 1580 Septeni
294 1490 453 1556 claudunt
471 1489 586 1570 orbes,
599 1487 811 1576 triplicesque
825 1505 963 1558 tuentur

145 1607 265 1672 AEratae
286 1607 436 1696 ingentes
454 1621 572 1696 portae3
592 1605 817 1692 supereminet
833 1605 917 1670 altus

145 1723 283 1804 Murus,
305 1738 337 1786 et
353 1736 472 1786 auratae
490 1719 647 1786 decorant
663 1720 789 1809 fastigia
807 1720 926 1806 pinnae.
1144 1743 1184 1792 sco

144 1837 274 1926 spargit
289 1835 498 1900 inexstinctas
515 1851 685 1924 portarum
703 1835 817 1900 linrine
833 1836 868 1898 in
887 1837 960 1922 ipso

145 1951 299 2016 Sublimis
317 1951 429 2040 regina
444 1950 548 2033 faces,
565 1967 663 2038 atque
678 1948 758 2014 inde
772 1949 910 2015 Dianam

148 2067 239 2131 Ostia
257 2081 440 2132 servantem
458 2065 572 2130 Colchi
589 2065 721 2130 coluere
744 2065 886 2153 viasque.

90 2197 93 2210 ’
144 2184 216 2271 Ipsa
234 2181 340 2246 oculis
355 2180 522 2246 horrenda
536 2180 622 2244 viros
642 2195 742 2268 atque
758 2180 893 2246 auribus
906 2197 1010 2265 arcet,

145 2299 187 2363 Ni
202 2298 305 2363 fuerit
319 2297 473 2386 precibus
489 2295 586 2360 sacris
602 2296 727 2384 placata
742 2297 893 2384 peractis.
1144 2321 1182 2371 aas

146 2414 227 2499 Quae
241 2412 359 2478 Medea
375 2413 479 2478 sciens
495 2411 651 2478 libamina
665 2411 733 2476 sola
746 2391 911 2496 sacerdos,

145 2532 187 2596 Et
202 2531 298 2596 sociae
315 2552 435 2620 magno
457 2529 562 2595 celant
577 2528 729 2617 Cyteides
745 2546 827 2594 estu.

146 2648 214 2712 Nec
230 2647 310 2711 ciris
325 2634 461 2710 veniens
478 2644 556 2709 illuc
574 2645 794 2732 quicumque,
807 2645 860 2709 vel
873 2645 994 2726 bostis,

147 2762 306 2827 Interiora
322 2761 412 2825 subit
430 2759 558 2825 mortali
575 2758 689 2823 limina
703 2782 826 2849 gressu.

137 2879 229 2953 ‚Nam
244 2877 399 2965 prohibet
410 2894 655 2963 quemcumque
668 2874 729 2938 viae
743 2873 811 2939 dux
826 2890 859 2937 et
872 2875 933 2939 dea
947 2894 1075 2960 custos,
1143 2911 1200 2982 900⁴

145 2994 328 3057 Immittens
344 2990 467 3057 rabiem
485 2990 599 3053 catulis
615 2990 694 3053 irata
709 2989 843 3054 serenis.

145 3108 287 3172 Interior
304 3128 398 3195 sepes
417 3104 723 3169 murorum‘cirouit
739 3104 873 3168 bortum

144 3222 346 3288 Umbrcsum
364 3221 535 3286 arboribus
554 3220 618 3282 late
633 3217 870 3303 crescentibus,
889 3222 955 3285 illic

145 3342 232 3403 Cum
248 3339 357 3404 cornis
375 3336 519 3427 pulchrae
534 3336 666 3414 launrs,
684 3334 872 3422 platanique
886 3335 1023 3401 decorae.
1048 3337 1051 3342 ’
1114 3333 1117 3337 ⁴

144 3456 207 3520 llic
222 3456 320 3521 etiam
335 3453 441 3543 parvis
459 3466 550 3515 tectae
565 3448 730 3513 radicibus
746 3448 874 3537 herbae,
1142 3475 1181 3525 90⁵

144 3568 369 3694 Asphodelus,
391 3569 640 3657 clymenusque‚
655 3582 688 3631 et
706 3566 875 3654 pulchrior
890 3567 942 3631 his
966 3567 1132 3661 adiantus,

147 3688 190 3750 Et
203 3686 324 3774 thryon
340 3642 478 3749 imbellis
486 3683 777 3769 ,aristereonque,
791 3704 1018 3771 cypemnque,

143 3801 305 3867 Hormion
312 3798 511 3889 ,irysimom
530 3797 714 3886 devotaque
733 3798 885 3885 cyclamis
899 3800 982 3881 aris,

140 3914 304 3992 Sirechae,
326 3914 536 4003 paeonieque,
555 3928 588 3977 et
602 3934 694 3977 ramo
711 3912 811 3978 divite
826 3932 975 3980 crescens

143 4008 374 4120 Mandragorae,
392 4047 426 4094 et
441 4029 569 4118 polion,
584 4028 711 4095 subtilis
728 4027 889 4095 dictamus
907 4052 992 4113 una;
1142 4070 1181 4109 910

144 4147 204 4212 Hic
218 4164 251 4213 et
266 4145 369 4211 odora
382 4166 513 4226 crocus,
529 4144 585 4211 hic
598 4144 792 4226 cardamon,
814 4146 868 4210 bic
882 4167 1018 4236 quoque
1028 4172 1155 4237 cemus,

1000 4287 1052 4328 ao.
