2859 4975
266 410 394 474 novt
426 410 677 503 rotronis
708 411 867 477 nora.
1056 442 1097 505 77

42 527 130 581 unser
140 525 233 595 vugst.
248 526 309 575 un.
323 522 371 586 11,
388 524 454 577 sse:
471 544 517 591 pu
533 528 598 585 seza,
610 545 656 592 per
667 528 762 585 usses,
773 509 902 579 isumus
916 531 986 580 sua
999 534 1096 583 russam

42 612 63 659 in
75 623 179 659 mortem.

72 752 102 802 V.
115 754 163 823 237
166 786 328 803 ..........
344 752 430 801 docilis
444 752 534 819 relegi,
552 752 687 817 docilisque
700 753 818 819 relinqui,

172 841 256 901 Atque
267 836 350 884 iterum
363 836 455 884 medios
469 852 519 883 uon
534 834 607 884 altior
618 836 653 884 ire
662 854 710 901 per
721 837 808 887 leostes.

44 972 125 1021 Docilis
139 969 221 1036 relegi.
232 998 266 1007 -
282 970 367 1017 Cereus
381 969 406 1016 iu
418 968 503 1015 vitium
511 968 585 1035 flecti
592 1004 599 1024 ,
615 964 686 1035 apud
699 966 791 1018 Horat.
802 965 836 1018 de
846 968 900 1020 Art.
912 968 984 1021 Poet.
995 990 1019 1022 ν.
1033 973 1097 1036 163,

43 1052 123 1104 similis
140 1062 177 1103 est
196 1049 303 1102 locutio.
325 1053 381 1099 Non
402 1051 476 1099 altior
493 1046 609 1098 declarat
628 1048 698 1100 hanc
717 1049 836 1100 lanceam
854 1050 891 1101 ita
910 1050 976 1102 mitti
996 1052 1098 1103 solitam

44 1135 128 1199 fuisse,
149 1145 179 1185 ut
196 1150 275 1203 supra
289 1132 405 1183 hostium
426 1131 512 1201 capita
531 1130 676 1183 transabire
696 1150 751 1182 non
769 1144 867 1202 posset.
883 1134 1026 1199 Quomodo
1040 1150 1097 1188 ute·

43 1230 124 1268 rentur
136 1216 187 1269 hoc
200 1214 253 1269 telo
267 1214 406 1277 Sarmata,
418 1214 454 1266 sic
472 1212 596 1265 describit
607 1214 684 1267 Silius
696 1214 803 1267 Italicus
812 1256 820 1280 ‚
830 1217 892 1278 XV,
902 1218 971 1269 686:

172 1350 223 1395 Iler
231 1364 280 1393 non
289 1348 422 1409 cornipedis
431 1358 499 1411 tergo
509 1350 538 1395 de
547 1365 612 1395 more
622 1360 729 1411 repostus

175 1426 309 1469 Sustentata
322 1438 385 1483 genu
395 1439 438 1484 per
449 1438 557 1485 campum
568 1424 674 1485 pondera
686 1424 751 1469 couti

172 1498 294 1544 Sarmatici
305 1512 382 1558 prona
393 1498 501 1545 adversos
512 1499 612 1559 urgebat
622 1499 646 1543 in
658 1498 745 1544 hostes.

42 1625 114 1671 hona
125 1620 196 1673 idem
211 1634 252 1674 est
264 1619 338 1693 quod
350 1639 401 1671 non
415 1622 487 1671 altior
497 1620 567 1693 apud
575 1620 721 1676 Valerium.

72 1762 103 1807 V.
114 1758 175 1823 239.
187 1759 288 1808 Orbibus
301 1760 345 1807 lios
359 1757 451 1822 rapidis
462 1759 578 1828 mollique
583 1776 630 1822 per
639 1774 739 1821 cequoru
752 1760 836 1807 Castor

184 1840 310 1901 Anfractu
321 1842 413 1890 levioris
426 1842 484 1905 equi
495 1843 590 1891 deludit
597 1843 712 1891 anltelos.
752 1845 765 1859 ²

43 1978 137 2025 levioris
153 1976 219 2041 equi.
228 2005 263 2012 —
273 1973 363 2044 Equus
373 2012 380 2037 ,
392 1990 447 2043 quo
460 1972 560 2043 potitus
570 1984 627 2025 erat
636 1973 739 2035 Castor,
756 1972 885 2025 oriundus
898 1988 954 2027 erat
968 1997 982 2029 e
995 1979 1101 2043 Medio,

41 2058 212 2110 sarmatorum
224 2054 336 2127 proinde
346 2056 419 2109 ocior
433 2056 509 2127 equis
523 2068 549 2109 et
558 2056 733 2111 exercitatior.
743 2056 850 2109 Tacitus
861 2058 895 2111 de
907 2060 1101 2117 Germanorum

42 2139 108 2209 equis
122 2138 181 2199 haec
194 2136 287 2205 docet,
302 2138 335 2191 de
345 2139 464 2191 Moribus
477 2138 567 2193 Germ.
584 2158 644 2211 cap.
655 2140 709 2193 VI:
724 2144 789 2211 Equi
802 2162 852 2195 non
858 2144 959 2210 forma,
972 2166 1021 2197 non
1033 2153 1102 2199 arelo-

42 2226 107 2275 citate
124 2225 251 2289 conspicui
256 2243 267 2281 ,·
285 2227 331 2275 sed
348 2243 393 2273 nee
414 2226 516 2275 variare
533 2242 610 2291 gyros
628 2226 653 2273 in
677 2242 766 2275 morcui
789 2240 897 2277 nostrum
919 2232 1052 2280 docenuir:
1075 2235 1100 2281 in

43 2321 137 2367 recum,
164 2320 209 2357 ant
225 2326 275 2357 uno
285 2310 359 2377 flexu
378 2311 477 2359 dextros
495 2322 582 2375 agunt,
605 2308 743 2380 Equorum
763 2310 897 2366 anfractus
919 2313 959 2365 sic
979 2312 1102 2369 describit

43 2390 176 2461 Virgilius,
185 2392 247 2449 AEtt.
258 2390 295 2453 V,
308 2390 358 2451 583
370 2407 376 2441 :

175 2507 235 2554 lude
245 2507 303 2552 alios
312 2507 396 2554 ineunt
406 2523 502 2562 cursus,
513 2508 618 2568 aliosque
627 2523 746 2562 recursus,

175 2581 285 2632 Adversis
296 2583 390 2644 spatiis,
407 2583 550 2644 alternisque
562 2583 659 2634 orbibus
670 2583 740 2630 orbes

176 2656 320 2717 Impediunt,
338 2672 469 2718 pugnaeque
480 2657 543 2704 oisnt
553 2657 676 2707 simulacra
685 2659 729 2704 sub
739 2658 817 2707 arnis.

72 2782 104 2834 V.
116 2781 175 2846 143.
188 2785 317 2848 Campesus
331 2785 436 2850 impacto
450 2787 513 2834 latus
527 2785 591 2834 iuter
608 2797 630 2834 et
652 2786 696 2835 ilia
712 2804 802 2850 quercu

189 2869 299 2926 Tollitur,
315 2886 346 2918 ae
359 2869 463 2920 suediam
478 2871 582 2918 moriens
595 2869 722 2918 descendit
735 2870 760 2933 in
774 2872 881 2922 larmir.

44 2981 138 3030 Tollinsr
147 2997 204 3030 non
217 2979 349 3050 significat
357 2979 516 3052 Campesum
530 3001 593 3049 equo
604 2985 698 3044 exorati,
707 2995 738 3034 ut
750 2985 864 3055 explieat
876 2986 1029 3057 Wagnerus
1039 3029 1046 3054 ,
1057 2994 1102 3044 sed

42 3080 69 3112 ex
80 3081 148 3133 equo
163 3061 220 3114 tolli
239 3063 266 3115 in
280 3065 364 3120 altum
378 3065 486 3135 alicujus
503 3065 627 3118 Sarmatae
645 3066 747 3131 lancea,
759 3078 788 3118 ut
807 3085 883 3130 mox,
900 3089 926 3121 ν.
945 3072 1012 3136 252,
1030 3080 1104 3126 Semi-

42 3165 119 3196 necem
136 3151 221 3196 Taxes
239 3150 353 3214 Hypanin
374 3150 449 3201 uelit.
464 3148 542 3202 Silius
561 3148 668 3200 Italicus
686 3148 805 3202 eamdem
823 3151 965 3223 imaginem
985 3144 1101 3228 prabet,

42 3228 96 3294 XV,
111 3231 163 3295 689
175 3245 183 3280 :

171 3350 232 3393 Tum
243 3363 337 3410 qnoque
349 3352 486 3396 transfixum
497 3353 556 3406 telo,
572 3369 615 3414 per
627 3352 743 3406 membra,
755 3369 883 3414 perarma,

176 3423 283 3470 Consulis
294 3434 348 3470 aute
359 3427 454 3481 oculos,
465 3442 551 3487 magno
560 3428 673 3481 clamore,
686 3428 804 3473 Sabellum
850 3472 852 3479 ,

174 3499 316 3559 Asportahat
326 3514 403 3546 ovans.

41 3615 79 3667 Sic
100 3619 180 3670 verba
204 3623 295 3670 tollitur
309 3639 340 3672 uo
358 3625 485 3674 deseendit
499 3623 567 3674 inter
582 3641 610 3675 ae
625 3641 706 3693 quam
726 3625 858 3695 aptissime
877 3626 1020 3691 cohaerent‚
1034 3632 1105 3682 enhi-

41 3698 152 3770 bentque
167 3721 264 3773 corpus
284 3703 377 3773 equitis
398 3703 506 3774 cuspide
519 3706 606 3776 primo
626 3706 774 3769 sublatum,
788 3726 849 3759 mox
862 3710 971 3780 proprio
987 3713 1103 3782 pondere

41 3783 126 3837 medio
137 3796 213 3862 tenus
224 3786 311 3838 hastili
322 3785 479 3841 demersum.

73 3921 106 3974 V.
120 3929 179 3992 247.
203 3929 302 3975 Tenerce
321 3929 447 3994 liquuntur
466 3934 569 3980 vrdnere
588 3914 889 4003 maloe.-Hypallage‚
914 3953 980 4005 pro:
1004 3940 1104 4003 songrn's
1172 3921 1176 3928 Ι

41 4007 142 4071 liqniutr,
156 4005 263 4074 defluit,
275 4013 378 4063 emulis.
394 4017 500 4064 Vulnere
510 4025 548 4065 est
561 4031 609 4084 pro
623 4017 754 4081 sanguine.
768 4015 923 4087 Simpliciter
937 4016 1105 4070 dixeratVir-

41 4087 117 4155 gilius
129 4130 136 4154 ,
148 4092 210 4142 AEn.
226 4091 284 4155 Ill,
307 4094 356 4146 ²8:
375 4098 430 4145 lusio
447 4111 501 4152 atro
512 4099 637 4164 liquuntur
651 4101 774 4166 sangnine
786 4113 863 4166 gustes·
875 4123 884 4151 :
896 4120 974 4172 quam
993 4103 1103 4155 locutio-

41 4188 116 4239 nem,
132 4193 214 4244 quum
228 4176 374 4231 imitaretur
384 4178 520 4244 Valerius,
533 4180 567 4234 ad
581 4200 680 4235 morem
696 4183 828 4253 poeticum
845 4186 956 4238 refinxit.
974 4190 1107 4254 liquuntur
1201 4178 1203 4182 ’
